2577 4292
310 262 436 326 244
797 236 1304 305 CoRNBLI
1396 237 1861 307 ano’rrs

301 371 420 439 tim
456 364 942 447 interfecerant,
1035 365 1186 438 alios
1205 368 1271 436 in
1315 366 1573 439 exilium
1613 377 1915 462 ejecerant
1956 392 1974 436 t
2030 368 2099 441 in
2145 373 2378 468 quibus

300 462 641 554 Pelopidas
663 462 798 539 hic,
821 461 898 529 de
923 484 1053 554 quo
1074 458 1330 531 scribere
1354 461 1551 532 exorsi
1583 461 1786 533 sumus
1807 514 1829 543 ,
1885 457 2090 557 pulsus
2112 516 2135 547 ‚
2180 474 2376 563 patria

275 554 576 625 2carebat.
663 558 758 629 Hi
780 576 1006 624 omnes
1025 553 1155 625 fere
1183 554 1464 625 Athenas
1486 553 1544 626 se
1578 556 1963 626 contulerant
1984 608 2006 637 ,
2063 584 2200 630 non
2237 586 2368 657 quo

302 643 693 742 sequerentur
738 653 941 718 otium
979 700 1001 731 ‚
1057 644 1157 717 sed
1192 670 1261 717 ut
1311 672 1629 742 quemque
1680 675 1759 720 ex
1807 653 2105 744 proximo
2150 652 2366 724 locum

303 740 431 810 fors
481 734 789 810 obtulisset
810 793 831 823 ,
905 766 984 811 eo
1019 743 1278 836 patriam
1317 765 1668 836 recuperare
1701 746 2057 814 niterentur.
2145 751 2369 841 Itaque

304 859 503 929 quum
545 854 789 927 tempus
834 837 921 905 est
960 833 1155 904 visum
1211 838 1301 904 rei
1354 837 1637 929 gerendae
1696 853 1717 885 1
1753 832 2172 909 communiter
2212 865 2368 912 cum

302 927 443 1008 his,
504 929 886 1021 *qui-Thebis
909 931 1077 998 idem
1100 924 1442 998 sentiebant
1462 978 1485 1009 ,
1543 931 1714 1021 diem
1752 930 2110 1025 delegerunt
2147 933 2367 1009 adini-

299 1026 503 1091 micos
525 1024 972 1117 opprimendos
987 1073 1007 1102 ‚
1032 1025 1468 1114 civitatemque
1491 1018 1904 1101 liberandam,
1948 1040 1978 1073 2
2010 1045 2158 1095 eum
2183 1075 2203 1105 ‚
2228 1020 2363 1120 quo

273 1114 596 1194 ‘maxime
622 1117 1003 1209 magistratus
1059 1113 1240 1184 simul
1284 1111 1719 1185 consueverant
1766 1116 2013 1211 epulari.
2106 1120 2364 1214 Magnae

293 1205 449 1305 saepe
498 1233 606 1279 res*
639 1234 772 1277 non
819 1211 901 1278 ita
925 1213 1169 1303 magnis
1216 1211 1413 1302 copiis
1461 1206 1596 1278 sunt
1642 1209 1864 1307 gestae:
1921 1205 2021 1279 sed
2071 1211 2364 1306 profe6to

295 1327 623 1396 nunquam
672 1299 750 1369 ab
786 1323 917 1371 tam
955 1305 1125 1370 tenui
1172 1302 1352 1369 initio
1402 1323 1584 1371 tantae
1626 1325 1785 1396 opes
1833 1299 1968 1371 sunt
2001 1303 2366 1398 profligatae.

298 1413 321 1453 ³
363 1397 534 1464 Nam
567 1395 902 1464 duodecim
928 1393 1362 1464 adolescentuli
1396 1398 1676 1464 coierunt
1702 1419 1780 1463 ex
1821 1396 1916 1464 his
1941 1445 1961 1475 ,
2019 1399 2129 1490 qui
2160 1397 2360 1467 exilio

297 1510 472 1557 erant
495 1488 773 1557 multitati
797 1539 818 1567 ,
879 1512 1078 1584 quum
1106 1490 1379 1557 omnino
1402 1514 1535 1557 non
1561 1485 1751 1556 efl'ent
1778 1487 2039 1584 amplius
2068 1512 2362 1572 centum,

295 1585 404 1675 qui
431 1603 606 1652 tanto
630 1579 687 1650 st:
725 1578 1020 1652 offerrent
1050 1581 1342 1676 pericu10.
1435 1601 1467 1643 4
1496 1604 1620 1674 qua
1654 1585 1952 1674 paucitate
1988 1581 2256 1677 perculsa
2277 1586 2368 1655 est

292 1676 916 1755 Lacedaemoniormn
963 1679 1258 1772 porentia.
1354 1678 1446 1744 Hi
1498 1699 1670 1745 emm
1720 1702 1856 1747 non
1900 1700 2100 1772 magis
2151 1680 2364 1749 adver-

2022 1798 2053 1811 *
2179 1770 2364 1843 sarro-

287 1971 635 2076 2122205532‘?
683 1956 956 2087 aelfw
1007 1959 1305 2094 litam&
1342 1957 1463 2074 3333ss
1479 1958 2361 2087 ³¹3⁰¹2f021⁶¹¹¹3225¹2fffl⁸str⁶⁶

287 2084 340 2130 ὃ(
368 2085 498 2132 multi
534 2086 642 2140 alii,
686 2086 781 2150 plus
819 2086 1122 2151 quadringenti
1160 2085 1302 2133 Athe-
1343 2089 1601 2151 ἦλιυθὲρωσσ
1636 2087 1723 2138 ταῖς
1753 2086 1924 2138 eticae.
1983 2090 2089 2135 Haec
2126 2087 2362 2146 Polyaenus

287 2162 362 2193 nas
385 2145 673 2211 profligerunt
699 2182 714 2203 ‚
771 2164 829 2197 ex
862 2148 1023 2213 quibus
1062 2145 1300 2198 Androcl'r-
1346 2165 1416 2197 11.
1478 2156 1850 2212 strategematum.
1929 2145 2040 2194 Vide
2089 2145 2147 2195 fis
2187 2149 2363 2196 Plutar-

284 2208 395 2258 dem
427 2210 668 2259 Leontidas
695 2211 805 2260 dolo
843 2210 1194 2262 interficiendum
1223 2227 1300 2260 cu·
1340 2212 1498 2267 chum,
1530 2214 1609 2277 qui
1630 2210 1814 2261 eandem
1837 2208 1946 2257 hanc
1967 2208 2192 2260 historiam
2218 2224 2357 2259 com-

283 2274 396 2321 ravit
421 2305 437 2328 ,
497 2286 547 2322 ut
570 2274 822 2338 xenophon
845 2276 897 2323 &
921 2273 1178 2324 Plutarchus
1202 2291 1299 2324 nar·
1342 2290 1590 2333 memorat,
1616 2272 1693 2323 sed
1718 2274 1810 2323 aliis
1839 2273 2190 2322 circumstantiis.

282 2348 400 2388 rant.
458 2338 781 2400 Epaminondas
829 2338 1038 2388 remansit
1072 2371 1088 2394 ,
1141 2351 1297 2402 ‚neque
1404 2356 1425 2395 3
1463 2348 1571 2387 Nam
1592 2339 1796 2386 duodecim
1826 2338 2116 2396 adulescentuli.
2164 2342 2186 2395 ]
2247 2337 2347 2388 Xe·

285 2399 504 2462 relegatus
524 2399 588 2449 est
610 2433 626 2456 ,
668 2415 726 2448 eo
746 2400 872 2463 quod
896 2414 1077 2465 propter
1107 2414 1294 2464 pauper·
1336 2402 1520 2465 nophon
1543 2399 1672 2450 tradit
1686 2435 1700 2458 ,
1728 2399 1806 2450 sex
1825 2398 2032 2448 duntaxat
2062 2399 2216 2448 exules
2240 2396 2355 2445 fuic-

283 2472 425 2510 tatem
446 2494 462 2517 ,
503 2463 554 2510 &
580 2462 772 2512 studium
796 2462 1009 2511 doetrinae
1030 2475 1293 2512 contemne—
1320 2461 1381 2534 {se
1407 2480 1513 2513 cum
1538 2465 1754 2519 Melone,
1780 2464 1858 2526 qui
1881 2476 1971 2511 erat
1992 2460 2219 2525 septimus.
2251 2460 2358 2516 Plu·

282 2520 411 2572 batur
432 2556 448 2579 ,
479 2527 699 2588 utspaullo
723 2538 820 2573 ante
844 2525 1053 2573 diximus.
1086 2529 1229 2574 Lamb.
1331 2529 1502 2576 tarchus
1525 2541 1631 2575 cum
1668 2524 1811 2574 Probo
1834 2526 2038 2586 congruit
2064 2540 2077 2570 ε
2121 2523 2348 2586 γινόμενοι

353 2602 373 2633 1
409 2593 672 2635 comuniter
702 2605 795 2635 cum
846 2590 924 2636 his.
961 2593 980 2646 J
1039 2589 1294 2649 Xenophon
1330 2592 1381 2638 δ’ὁ
1409 2591 1447 2638 οἱ
1472 2590 1737 2650 σύμπαντες
1756 2585 1948 2636 δώδεκα..
1984 2588 2170 2634 Lambin.
2200 2588 2251 2631 In
2275 2584 2352 2634 his

285 2647 362 2697 mv.
375 2664 418 2696 v.
448 2647 507 2695 de
528 2649 619 2697 reb.
645 2651 834 2698 Graeciae
855 2648 985 2697 tradit
1008 2682 1024 2706 ,
1052 2650 1292 2701 Melonem
1335 2652 1620 2702 Damoclides
1667 2649 1717 2696 &
1769 2649 2096 2708 Theopompus
2162 2644 2353 2696 summo

215 2721 238 2740 ⁸
283 2725 426 2759 unum
460 2725 518 2759 ex
540 2707 764 2759 Thebanis
800 2712 1002 2762 exulibus
1039 2726 1144 2761 cum
1172 2729 1287 2777 quo·
1332 2715 1438 2762 loco
1465 2714 1566 2761 nati.
1597 2713 1729 2760 plut-.
1754 2712 1901 2756 Schott.

281 2773 388 2821 dam
412 2772 607 2837 Phyllida
629 2774 845 2830 nomine,
883 2776 964 2839 qui
1000 2775 1172 2826 Archiae
1202 2793 1290 2840 po-
1393 2794 1431 2833 4
1461 2778 1564 2836 Qua
1600 2775 1795 2834 paucitate
1840 2771 2013 2832 percuffiz
2057 2771 2111 2831 est
2160 2773 2353 2821 Laceda-

285 2836 491 2896 lemarchi
535 2835 739 2885 Thebani
763 2836 892 2887 scriba
924 2851 1014 2887 erat
1036 2871 1052 2895 ,
1108 2854 1156 2886 ac
1193 2854 1285 2887 non
1344 2841 1568 2884 momorum
1593 2838 1777 2894 potentia.
1817 2839 1836 2891 ]
1867 2834 1959 2882 Alii
1979 2835 2156 2896 perculsa
2180 2835 2233 2895 est
2250 2866 2268 2892 ,
2295 2834 2351 2884 id

284 2901 344 2950 ita
394 2898 570 2964 pridem
609 2900 807 2949 Athenas
846 2914 1019 2950 venerat
1045 2934 1064 2959 ‚
1126 2902 1176 2947 &
1200 2906 1286 2949 Ar·
1338 2896 1402 2945 est
1431 2929 1446 2951 ,
1480 2895 1625 2946 eversa
1649 2894 1726 2943 est.
1771 2899 1920 2959 Qam
1941 2894 2195 2959 {cripturam
2214 2911 2348 2960 aeque

269 2963 435 3012 ¹chiam
462 2996 478 3019 ,
536 2962 805 3025 caeterosque
851 2975 1060 3024 tyrannos
1108 2961 1288 3018 oderat,
1332 2957 1493 3021 probo,
1524 2959 1711 3007 Lambin.
1772 2960 1966 3007 Gemina
1986 2961 2057 3008 his
2084 2972 2155 3008 aut
2187 2958 2348 3009 eadem

281 3025 374 3074 esse
419 3026 477 3075 de
505 3025 823 3091 opprimendis
872 3024 1115 3075 adversariis
1141 3024 1282 3071 collo·
1336 3022 1486 3082 potius
1517 3022 1568 3069 &
1597 3019 1847 3069 Plutarchus
1884 3023 1932 3071 in
1964 3021 2207 3085 Pelopida:
2260 3021 2344 3072 ubi

275 3103 447 3140 cutum,
490 3092 618 3139 Idem,
1332 3084 1463 3132 etiam
1523 3082 1668 3134 lcribit
1718 3095 1858 3132 tantas
1909 3097 2009 3133 ante
2061 3083 2344 3135 Leustricam

338 3170 367 3201 2
409 3158 521 3200 Eum
548 3185 564 3208 ‚
655 3167 705 3198 uo
751 3150 927 3198 maxims·
964 3146 1231 3210 magistratus.
1262 3154 1280 3205 J
1329 3159 1523 3208 pugnam
1564 3149 1676 3195 vires
1713 3152 2020 3210 Spartanorum
2066 3143 2195 3206 ⁴fuisse:
2217 3178 2233 3203 ,
2283 3148 2341 3197 δε

272 3214 539 3279 Xenophon
562 3230 587 3262 e
651 3228 725 3261 em
750 3212 863 3261 libro
887 3212 947 3259 ait
969 3245 985 3268 ,
1029 3209 1151 3257 diem
1176 3207 1279 3257 suis·
1330 3221 1421 3256 tam
1465 3211 1606 3259 firmis
1652 3207 1838 3258 vinculi‘s
1859 3213 1865 3220 ’
1884 3224 2044 3258 eorum
2094 3210 2347 3273 potentiam

269 3276 320 3325 se
344 3310 358 3331 ,
385 3292 481 3343 quo
503 3276 773 3341 magistratus
789 3308 803 3330 ‚
844 3275 1169 3337 imperiumque
1201 3270 1293 3324 de·⁴
1328 3268 1463 3320 fuiffe
1486 3271 1731 3328 adstrifitam
1756 3306 1773 3329 ,
1816 3284 1866 3321 ut
1890 3274 2027 3334 vulgo
2058 3281 2219 3320 omnes
2245 3273 2346 3321 exi-

349 3342 380 3387 li
456 3339 635 3389 solebat.
723 3338 952 3400 Polyaenus
1026 3333 1279 3397 Α’φροδῖσια
1334 3333 1557 3386 stimarent
1587 3369 1602 3394 ,
1662 3334 1834 3384 solvere
1881 3335 2003 3382 illam
2036 3346 2112 3386 aut
2138 3334 2342 3408 frangere

268 3353 400 3452 ffifle
422 3403 552 3451 tradit
576 3436 592 3460 ,
639 3400 690 3449 &
718 3398 840 3448 diem
869 3397 1034 3448 festum
1071 3398 1280 3455 Veneris,
1328 3401 1558 3449 nemmem
1593 3411 1786 3463 unquam
1821 3396 2072 3447 valiturum.
2131 3398 2200 3446 Sic
2237 3398 2344 3448 illex

255 3479 365 3526 -quo
389 3467 597 3515 mulieres
619 3462 806 3529 quidem
829 3467 939 3512 Deae
977 3461 1132 3510 ludum
1156 3460 1278 3510 lude-
1334 3465 1393 3507 Ο*
1415 3463 1692 3515 καταλύσας
1715 3460 1770 3508 τὸ
1797 3462 1876 3513 1-ι-ἰῐς
1894 3461 2108 3525 Σπάςτυς
2131 3458 2343 3523 ἀξίωμα,

259 3525 373 3576 bant
400 3545 413 3573 :
455 3530 546 3577 Viri
584 3539 734 3578 autem
761 3526 930 3575 circum
962 3539 1034 3574 eas
1055 3520 1279 3573 versaban·
1329 3524 1407 3573 καὶ
1436 3527 1621 3577 παύσας
1643 3525 1874 3587 ἄρχοντας
1907 3524 2052 3577 αὑτὴ
2076 3522 2159 3584 fic
2182 3540 2235 3571 «τι
2258 3523 2344 3573 καὶ

264 3603 350 3637 tur.
417 3588 569 3639 visum
591 3590 655 3639 est
677 3588 859 3653 praefidii
890 3587 1103 3637 Praefesto
1140 3588 1279 3647 τιμῗι-
1328 3588 1581 3639 θαλάσσης
1605 3586 1825 3657 nuga&
1844 3620 1860 3639 ,
1893 3584 1949 3650 ἒξ
1962 3585 2121 3638 ὶκιίνης
2156 3583 2343 3659 {firmo

261 3657 350 3701 cai.
371 3649 445 3702 «τὸν
480 3652 604 3706 Θσὸν.
666 3653 836 3703 Puellas
856 3653 1055 3705 evocavit
1083 3670 1098 3701 ε
1148 3651 1275 3711 Relo-
1317 3650 1586 3708 τῖῐςνυιιντὸς,
1624 3648 1703 3714 ‘trgi
1726 3649 2022 3707 namnum,
2043 3649 2345 3767 κ’φρερροιόέ

311 3749 314 3752 .
683 3751 688 3756 .
2125 3724 2239 3772 ‘ruyg¹
2320 3741 2340 3769 ,
