2577 4292
308 158 431 251 380
764 154 1296 223 ·C0RNEL1
1389 145 1847 217 NEPo’rrs

251 377 254 381 .
303 314 495 365 tatem
542 306 565 339 ¹
601 314 803 384 neque
842 287 1276 380 temporariam
1302 333 1320 362 ‚
1381 301 1409 333 2
1452 282 1653 376 neque
1690 280 1971 352 callidam
2009 274 2197 349 fuiffe.
2287 286 2361 353 ld

305 380 548 479 ex‘ipfis
574 381 784 460 rebus,
831 406 900 449 ac
923 375 1308 471 temporibus
1355 393 1377 432 3
1414 377 1661 466 judicari
1683 374 1883 470 potest
1905 425 1928 454 ‚
1972 393 2004 435 4
2035 375 2356 467 quodnon

305 474 669 549 florentibus
726 474 786 544 se
834 473 1167 541 venditavit
1191 520 1213 549 ,
1306 464 1408 537 sed
1456 466 1696 536 affiiffis
1746 464 1981 562 semper
2040 473 2352 537 luccurrit:

311 575 419 665 qui
467 569 719 662 quidem
778 584 799 624 ⁵
834 563 1149 634 Serviliam
1198 565 1366 630 Bruti
1415 583 1678 629 matrem
1735 569 1761 608 ⁶
1795 587 1926 631 non
1971 558 2178 629 niinus
2223 562 2360 654 post

308 684 579 732 mortem
608 668 738 753 ejus
765 709 785 736 ‚
839 683 1028 753 quam
1064 655 1395 725 florentem
1421 704 1441 732 ,
1495 652 1768 723 coluerit.
1861 655 1962 721 Sic
2002 652 2357 724 liberalitate

306 775 484 824 utens
508 806 528 835 ,
572 751 762 822 nullas
785 754 1129 821 inimicitias
1153 746 1331 842 geffit
1353 796 1374 827 ‚
1418 747 1591 838 quod
1616 770 1821 841 neque
1847 744 2108 815 laedebat
2136 770 2356 839 quem-

306 856 539 940 quam3
588 864 829 939 neque,
885 843 930 913 st
957 868 1147 938 quam
1173 842 1453 931 injuriam
1479 861 1788 935 acceperat
1809 891 1829 921 ‚
1877 855 1903 898 ⁷
1936 865 2069 911 non
2093 837 2359 908 malebat

304 938 620 1020 oblivisci,
677 963 883 1033 quam·
906 933 1122 1007 ulcisci.
1214 934 1393 1002 Idem
1442 933 1778 1003 immortali
1813 936 2120 1002 memoria
2166 941 2188 979 ⁸
2224 956 2359 1024 per-

2184 1046 2360 1119 cepta

372 1257 394 1289 1
429 1250 564 1306 Neque
582 1245 874 1303 temporariam.
901 1248 922 1300 1
983 1237 1209 1289 Manutius
1232 1249 1308 1284 ex·
1355 1231 1418 1282 fra
1444 1250 1456 1282 =
1487 1241 1575 1283 Non
1593 1235 1793 1296 fortuna,
1818 1239 1894 1299 fid
1913 1234 2130 1282 horninibus
2140 1234 2270 1294 solen
2294 1235 2367 1293 effi

303 1306 434 1369 ponit
455 1310 590 1366 exigui
607 1309 806 1367 temporis.
869 1300 1029 1353 Falso:
1087 1306 1144 1348 Et
1184 1301 1228 1348 in
1251 1300 1306 1346 al·
1354 1300 1546 1346 amicum.
1604 1298 1773 1348 Schott.
2175 1350 2178 1353 ,

306 1381 445 1416 teram
507 1367 832 1430 interpretando
881 1379 1050 1429 partem
1101 1362 1308 1410 schottus
1415 1378 1444 1419 4
1482 1362 1605 1421 Qud
1629 1379 1702 1407 non
1731 1362 1961 1420 florentibus
1980 1359 2023 1419 se
2058 1360 2303 1406 venditavit.
2342 1365 2361 1416 ]

306 1444 491 1494 quoque
516 1442 640 1478 errat.
702 1430 814 1492 Qais
837 1431 959 1478 enim
982 1439 1175 1489 unquam
1208 1438 1305 1471 tem·
1353 1424 1579 1486 Corrupte
1621 1424 1702 1484 qui
1731 1425 1957 1470 vendicavit
1992 1421 2195 1469 haetenus
2234 1419 2360 1480 lege-

302 1499 507 1555 peruium
538 1489 627 1539 effe
659 1495 808 1539 lentum
833 1490 1034 1540 audivit?
1093 1493 1307 1550 Tempora·
1353 1496 1453 1532 runt
1475 1517 1490 1539 ,
1552 1496 1601 1533 ut
1646 1486 1907 1549 intelligatur
1939 1487 2137 1534 Atticum
2178 1496 2271 1529 non
2292 1498 2365 1529 ca·

309 1555 495 1607 riusest‚
523 1554 602 1617 qui
631 1552 1002 1618 spestattempus,
1042 1547 1308 1611 affefi'tusque
1353 1545 1487 1607 ptaffe
1530 1548 1711 1608 gratiam
1751 1563 1910 1596 eorum
1938 1581 1954 1603 ,
2011 1547 2086 1608 qui
2117 1546 2362 1608 plurimum

308 1615 412 1666 suos
457 1613 658 1665 successui
711 1618 898 1666 fortunae
940 1615 1111 1663 alterius
1151 1626 1308 1659 attem·
1386 1622 1556 1657 oterant
1593 1611 1639 1658 in
1665 1612 1881 1674 republica
1906 1644 1919 1666 ,
1957 1608 2032 1658 sed
2065 1608 2191 1656 vistis
2227 1610 2360 1670 parti-

312 1692 448 1744 perat.
511 1681 752 1743 Explicavit
801 1678 890 1728 sese
911 1679 1059 1740 paullo
1090 1674 1305 1738 superius:
1386 1685 1438 1718 us
1472 1670 1525 1718 sae
1557 1686 1584 1718 e
1619 1666 1766 1723 tuliffe
1802 1689 1952 1738 opem.
2015 1670 2199 1720 Constat
2232 1673 2359 1718 enim

312 1747 416 1805 Qae
461 1760 551 1789 cum
578 1744 751 1803 faciebat
779 1776 794 1799 ,
853 1760 963 1791 nemo
1001 1757 1090 1787 eum
1128 1742 1310 1793 temporis
1356 1748 1449 1781 non
1471 1749 1542 1781 am
1574 1734 1698 1784 ivisse
1733 1736 1933 1786 favorem
1975 1736 2098 1783 Sullae
2125 1745 2200 1792 ¹aut
2225 1736 2366 1780 Pom-

223 1834 229 1840 ·
311 1807 443 1866 cauffir
471 1805 604 1865 facere
622 1820 770 1866 poterat
794 1807 1042 1865 existimare.
1107 1803 1173 1848 Sic
1195 1804 1313 1848 Cur·
1356 1796 1468 1858 Peli,
1498 1809 1571 1846 aut
1597 1798 1803 1854 Caesatis‚
1830 1802 1901 1847 vel
1921 1798 2129 1850 Antonii,
2170 1808 2239 1842 aut
2266 1801 2364 1851 Aur

312 1871 404 1917 tius
436 1873 671 1931 temporaria
694 1872 847 1930 ingenia
872 1869 999 1917 dixit.
1060 1868 1315 1925 Temporaria
1354 1857 1505 1922 gusti:
1567 1860 1677 1922 quin
1715 1863 1864 1925 potius
1905 1862 2085 1923 pecunia
2124 1857 2366 1907 subvenisse

301 1934 518 1979 liberalitas
540 1963 559 1984 ‚
615 1945 711 1993 quae
741 1943 876 1991 captat
903 1931 1077 1980 felices,
1120 1927 1170 1973 ἔ(
1198 1938 1313 1972 tern-
1356 1921 1632 1984 Pompeianis
1674 1924 1724 1970 &
1759 1924 1972 1972 Brutianis
1995 1956 2011 1977 ,
2045 1934 2223 1970 ‘eorum
2258 1919 2365 1969 affli-

303 1995 426 2056 poris
487 1989 620 2040 cauffa
671 1994 846 2055 largitur
873 2026 887 2048 ‚
948 1989 1141 2053 quandiu
1177 1986 1311 2051 sperat
1357 1985 1441 2031 &is
1466 1982 1608 2032 rebus.
1636 1985 1720 2032 Sed
1746 1986 1856 2034 Lud.
1888 1986 2022 2034 Vives
2036 1983 2162 2047 epist.
2176 1999 2273 2047 quae
2285 1998 2369 2046 pe-

305 2056 406 2106 fote
455 2054 646 2102 eundem
682 2070 832 2102 rerum
874 2053 1160 2107 secundatum
1215 2065 1314 2097 cur·
1359 2061 1433 2094 nes
1446 2061 1521 2094 me
1547 2046 1610 2095 est
1629 2047 1680 2094 ad
1707 2050 1851 2097 Pranc.
1899 2045 2237 2100 Cranevaldum,
2252 2052 2287 2094 1.
2302 2051 2366 2094 C.

305 2118 418 2169 sum.
481 2121 596 2165 Haut
620 2115 774 2181 dispari
812 2130 964 2168 mente
1009 2115 1189 2163 Curtius
1213 2129 1313 2168 v.3.
1360 2111 1502 2157 δώσει.
1553 2113 1615 2156 lta
1650 2110 1809 2157 Cicero
1835 2123 1917 2171 pro
1940 2107 2092 2155 Sulla:
2138 2108 2368 2169 Pallaciffi-

236 2207 241 2214 »
308 2183 532 2230 Mandata
570 2196 655 2229 erat
706 2184 823 2242 hujus
864 2185 1023 2242 regionis
1075 2177 1315 2238 Praefetfflus,
1362 2189 1424 2220 me
1440 2171 1482 2231 fi
1504 2173 1621 2218 alicui
1643 2175 1862 2220 vendtiare.

318 2248 426 2293 haud
450 2246 775 2307 satutemporum
800 2248 1023 2292 multorum
1033 2246 1173 2296 homo3
1202 2241 1313 2303 qupp-
1430 2250 1449 2289 ς
1487 2236 1706 2282 Serviliam
1729 2239 1845 2282 Bruti
1874 2245 2055 2281 matrem.
2095 2236 2116 2289 ]
2173 2231 2372 2279 Catonis

311 2321 360 2371 pe
397 2310 543 2355 ultima
567 2320 637 2368 pre
650 2306 734 2366 fide
772 2309 940 2368 experiri
978 2309 1211 2354 decreverat.
1275 2307 1318 2348 A
1367 2295 1580 2345 Vticensis
1609 2293 1808 2347 sororem
1834 2331 1849 2353 ,
1894 2307 2028 2359 quam
2052 2291 2195 2356 Julius
2222 2292 2373 2341 Caesar

318 2368 590 2421 scholiorum
651 2368 859 2417 Austore
910 2371 956 2417 in
1025 2364 1322 2426 Aristophanis
1367 2358 1506 2406 adhuc
1556 2357 1802 2408 adolescens
1842 2358 2014 2408 amavit.
2087 2354 2215 2403 Vnde
2250 2369 2374 2417 quo·

321 2436 464 2481 Ranas
529 2439 825 2494 Temporarium
888 2435 1084 2495 ingenium
1150 2428 1322 2489 optime
1364 2421 1613 2470 dammodo
1632 2422 1847 2472 creditum
1867 2455 1884 2478 ,
1931 2425 2113 2469 Brutum
2147 2417 2176 2465 a
2199 2416 2372 2467 Caesare

321 2496 556 2561 exponitur
598 2493 901 2555 vaenlsac’st&
929 2527 944 2550 ‚
1000 2492 1324 2553 αἰγχίςροφΘ,
1364 2486 1581 2547 genitum.
1612 2490 1814 2535 Plutarch.
1855 2488 2015 2533 Sueten.
2319 2481 2322 2482 ⁷

324 2559 591 2617 καθομιλῶν
618 2560 699 2608 »rie
724 2557 897 2618 ιιιυρές,
926 2555 1038 2612 aiv-pbr·
1062 2560 1114 2600 τὸ
1138 2548 1323 2612 κρεῖτἹον
1429 2555 1456 2592 6
1498 2554 1587 2594 Nm
1610 2553 1743 2595 minus
1765 2547 1844 2609 post
1869 2560 2035 2593 mortem
2068 2547 2163 2604 ejus.
2196 2549 2215 2602 ]
2265 2542 2376 2590 Plu·

322 2625 476 2683 Jassp&
527 2620 595 2674 αἰεὶ
645 2621 766 2674 sesti:
825 2619 992 2668 ἑαυτόν.
1077 2618 1321 2662 Gebhardus.
1365 2609 1535 2657 tarcbus
1585 2610 1889 2662 enirn—Bruto
1929 2606 2218 2672 superstitem
2243 2601 2376 2655 fuisse

323 2688 383 2732 Et
422 2684 671 2746 temporarii
705 2682 831 2729 amici
852 2718 866 2735 ,
928 2682 1004 2744 qui
1048 2678 1323 2725 amicitiarum
1365 2685 1554 2719 matrem
1576 2704 1590 2726 ‚
1618 2672 1770 2720 aristot
1793 2670 1871 2719 est.
1914 2673 2066 2717 Schott.

315 2751 419 2808 jura
444 2764 518 2792 mn
535 2745 619 2804 fide
642 2777 657 2799 ‚
689 2748 763 2804 sed
778 2745 947 2805 succeffu
979 2746 1191 2804 ponderant
1215 2757 1231 2797 3
1272 2752 1322 2786 ut
1427 2751 1452 2785 7
1485 2741 1573 2782 Non
1601 2736 1768 2783 malebat
1790 2734 1992 2795 oblivtfii,
2021 2748 2146 2796 quam
2167 2731 2312 2791 alcisci.
2354 2735 2377 2788 1

325 2808 523 2871 loquitur
552 2807 797 2869 Justinlib.
819 2822 957 2855 xxn.
975 2821 1018 2859 7.
1238 2847 1241 2848 γ
1366 2801 1411 2845 Ρ.
1441 2801 1599 2859 Syrus:

277 2929 281 2934 ι
356 2888 416 2919 ,2
479 2878 612 2932 Neque
664 2874 865 2918 callidam.
908 2877 927 2928 ]
987 2865 1325 2919 Insidiatricem,
1424 2862 1675 2920 Injuriarum
1699 2860 1919 2908 remidium
1937 2857 1991 2918 est
2018 2858 2171 2910 oblivio.

324 2934 600 2997 captatricem
635 2965 650 2988 ,
711 2933 914 2981 schottus
966 2934 1138 2979 calidam
1194 2929 1325 2990 legit,
1364 2920 1583 2971 Gebhard.

325 2997 558 3056 redditque
589 3000 856 3045 temerariam.
919 2998 1067 3042 Cerne
1090 3006 1183 3039 non
1211 2990 1327 3039 calli·
1431 2993 1453 3031 8
1519 2990 1708 3046 Praecpta
1756 2985 1943 3031 retinebat
1994 2974 2184 3040 beneficia.
2230 2983 2251 3035 ]
2320 2976 2378 3025 ld

325 3060 397 3112 de.
461 3062 601 3113 Cotta
624 3059 736 3121 apud
761 3056 1038 3112 Sallustium3
1088 3064 1223 3116 Neque
1259 3069 1329 3113 ego
1368 3046 1431 3096 est
1448 3081 1462 3103 ,
1508 3062 1597 3096 ante
1622 3059 1783 3110 accepta.
1812 3044 2012 3094 Lambin.
2043 3041 2186 3091 Ernst.
2215 3041 2383 3088 Gtaecis

324 3126 520 3173 callidam
538 3125 777 3183 facundiam
804 3158 820 3174 ‚
881 3137 1000 3182 neque
1044 3122 1239 3179 ingenium
1274 3119 1330 3163 ad
1370 3111 1701 3172 προλκφθίντοι·
1753 3121 1804 3157 ut
1831 3108 1931 3156 alibi
1960 3106 2070 3169 saepe
2113 3107 2186 3153 M.
2204 3102 2382 3151 Tullius

325 3186 682 3246 malefaciendum
705 3188 871 3233 exercui.
898 3180 1125 3229 Gebhard.
1373 3174 1423 3221 &
1453 3173 1656 3236 Virgilius
1677 3188 1751 3221 xx.
1797 3169 1962 3219 AEneid.

389 3266 410 3305 3
477 3249 662 3305 Judicari
687 3248 820 3309 potest.
851 3252 869 3304 ]
927 3244 1064 3306 Igitur
1090 3255 1147 3289 ex
1174 3254 1330 3304 praece·
1433 3241 1681 3297 Exultatque
1699 3239 1842 3282 animis
1863 3268 1878 3289 ‚
1917 3249 1963 3279 ac
1986 3234 2082 3291 jam
2104 3229 2192 3291 spes
2210 3230 2384 3292 precipit

324 3326 409 3377 pto
435 3311 666 3361 Ciceronis
700 3326 770 3359 11.
835 3305 968 3356 offic.
1014 3305 1061 3352 in
1107 3302 1330 3350 beneficiis
1502 3312 1605 3347 ante.
1733 3297 1898 3344 Schott.

326 3373 593 3423 collocandis
617 3386 766 3420 mores
785 3370 1023 3419 hominum
1045 3399 1060 3422 ,
1105 3379 1197 3413 non
1231 3363 1327 3411 for·
1375 3364 1438 3409 lta
1467 3361 1545 3408 illi.
1610 3358 1693 3408 Sed
1712 3359 1856 3409 minus
1883 3353 2013 3402 reae.
2042 3354 2214 3401 retineo
2232 3352 2384 3413 vulga-

328 3450 482 3485 tunam
513 3435 788 3499 sequebatur.
851 3437 951 3480 Hoc
984 3430 1107 3477 enim
1133 3428 1330 3474 maxime
1378 3437 1469 3471 tam
1497 3458 1511 3475 ,
1549 3422 1735 3485 peri-epta.
1794 3420 2003 3479 frequens
2028 3416 2166 3464 initis
2192 3429 2314 3463 error
2334 3427 2384 3460 ac

325 3498 468 3548 officii
486 3497 573 3554 est,
602 3511 654 3550 ut
674 3494 784 3561 quis
806 3508 861 3542 ue
882 3493 1076 3541 maxime
1092 3491 1190 3551 opis
1214 3489 1338 3550 indi·⁴
1375 3485 1513 3550 lapsus
1537 3486 1653 3533 olim
1680 3482 1969 3531 librariorum.
2003 3481 2198 3541 P.Syrus
2225 3494 2237 3524 ι
2273 3480 2388 3540 opti·

321 3572 421 3636 gent
444 3592 461 3618 ‚
501 3559 567 3618 ita,
590 3562 632 3611 ei
671 3561 769 3625 poti
823 3571 949 3611 mum
974 3553 1194 3620 opitulari.
1253 3555 1342 3604 itt-t
1374 3549 1617 3611 mepofitum
1648 3546 1701 3607 est
1728 3544 1950 3608 beneficiusn
1975 3573 1992 3601 ,
2043 3543 2112 3592 ubi
2137 3544 2223 3603 ejas
2248 3544 2411 3652 menz}⁸
