2577 4292
312 194 439 262 '268
803 192 1315 265 CoRNEL'I
1407 195 1869 269 NEPo'rrs

309 347 387 395 tae
425 325 559 408 filii3
616 325 911 418 brevique
947 348 1232 420 tempore
1280 326 1346 393 in
1397 320 1682 397 intimam
1731 325 2010 421 pervenit
2058 327 2374 407 familiari..

307 442 517 489 tatem.
608 419 899 512 Fulgebat
947 422 1117 487 enim
1166 425 1292 510 jam
1343 420 1409 486 in
1458 418 1905 489 adolescentulo
1961 424 2204 495 indoles
2249 432 2371 498 vir-

304 518 466 582 tutiS.
556 517 767 605 Itaque
795 535 939 579 eum
965 510 1180 580 habuit
1205 514 1281 580 ad
1307 536 1563 579 manum
1587 562 1606 588 ‚
1671 528 1691 561 1
1725 509 1928 604 scribsse
1955 514 2100 586 loco
2128 544 2146 599 3
2190 524 2363 613 quod

304 605 505 674 multo
530 608 690 698 apud
725 607 946 696 Graios
974 603 1482 674 honorificentius
1521 606 1606 673 est
1629 654 1650 683 ‚
1694 628 1887 699 quarn
1922 612 2082 702 apud
2121 612 2364 684 Roma-

303 723 439 767 nos,
531 714 559 746 2
595 697 765 765 Nam
803 697 964 790 apud
990 723 1107 766 nos
1130 723 1369 776 revera,
1396 693 1544 765 ficut
1571 695 1737 777 sunt,
1783 716 1805 755 ³
1843 708 2198 771 mercenarii
2225 705 2363 776 scri-

305 789 401 859 bae
444 791 876 860 existimantur.
967 791 1057 858 At
1101 793 1260 886 apud
1304 788 1439 858 illos
1480 796 1790 861 contrario
1833 840 1855 872 ,
1949 819 2138 862 nemo
2176 799 2255 865 ad
2291 801 2360 868 id
2400 830 2403 835 ·

298 881 582 952 officium
614 883 952 953 admittitur
976 882 1086 951 nifi
1112 884 1378 953 honesto
1415 882 1557 951 loco
1583 933 1602 962 ‚
1659 888 1726 952 &
1753 883 1874 953 fide
1898 934 1919 963 ‚
1978 889 2356 961 &industria

300 979 547 1070 cognita
589 1000 605 1041 ε
701 976 875 1069 quod
918 971 1157 1046 necesse‘
1195 977 1278 1046 est
1323 979 1611 1044 omnium
1647 973 2042 1048 consiliorum
2067 1006 2213 1050 eum
2238 981 2354 1053 effe

298 1073 673 1167 participem.
760 1072 953 1138 Hunc
1019 1069 1227 1138 locum
1296 1071 1491 1137 tenuit
1556 1072 1837 1138 amicitiae
1905 1077 2066 1165 apud
2128 1074 2361 1170 Philip-
2426 1070 2433 1073 ⁷

293 1185 450 1257 pum
493 1187 690 1232 annos
733 1157 981 1256 septem.
1075 1180 1109 1223 4
1135 1163 1250 1233 lllo
1290 1160 1617 1232 interfecto
1660 1212 1683 1243 ,
1776 1163 2001 1234 eodem
2023 1168 2216 1260 gradu
2240 1168 2358 1238 fuit

385 1287 393 1299 ⁸
975 1278 978 1281 “
2078 1274 2084 1287 “
2194 1264 2359 1359 apud

288 1482 378 1520 mo
399 1470 561 1520 eodem
587 1472 719 1536 gradu
740 1472 825 1523 fixit
863 1471 976 1536 apud
1000 1472 1298 1522 Alexandrum
1314 1477 1323 1519 i
1341 1485 1433 1521 non
1460 1472 1524 1522 est
1547 1483 1725 1524 notum.
1789 1473 1955 1538 Longol.

297 1549 501 1583 annosxr
516 1552 532 1583 ι
546 1552 582 1587 1.
614 1538 743 1597 Infra.
776 1539 852 1585 Ait
877 1536 1125 1592 Plutarchus
1143 1569 1159 1591 ,
1197 1537 1296 1585 Phi·
1404 1553 1424 1590 3
1490 1538 1736 1583 Mercenarii
1793 1540 1928 1596 firiba
1992 1535 2282 1596 existimantur.
2329 1542 2351 1595 J

293 1597 464 1660 lippum
491 1631 506 1655 ,
565 1613 665 1647 cum
689 1613 766 1661 per
779 1601 923 1646 otium
947 1599 1113 1647 Cardiae
1136 1603 1295 1647 Eume-
1339 1598 1561 1659 Loquitur
1608 1602 1766 1663 Nepos
1807 1598 1871 1649 de.
1902 1595 2116 1657 eiusmodi
2170 1595 2342 1654 scribiS,

290 1675 404 1707 nem
435 1660 604 1709 strenue
637 1664 749 1710 inter
785 1664 984 1724 reliquos
1017 1676 1179 1725 pueros
1214 1661 1295 1710 de·
1339 1662 1420 1719 qui
1445 1660 1576 1709 hodie
1593 1663 1820 1720 fieretur-ii,
1861 1664 1908 1710 in
1930 1675 2181 1724 magnarum
2208 1674 2346 1724 pote-

294 1737 455 1771 certare
481 1758 497 1777 ‚
557 1723 799 1787 lustarique
830 1722 1147 1786 conspexiffet,
1176 1724 1299 1788 pueri
1342 1722 1502 1771 statum
1555 1721 1747 1773 confiliis
1796 1723 2008 1772 habentur
2052 1725 2187 1785 (nam
2248 1721 2363 1771 uod,

288 1785 514 1848 prudentia
576 1788 625 1834 ὅ(
680 1786 948 1835 fortitudine
1006 1786 1298 1841 deletitaturn,
1343 1783 1594 1834 secretarius
1622 1819 1638 1842 ,
1695 1787 1837 1850 quivis
1887 1788 2172 1834 mercenarius
2229 1786 2340 1845 criba

287 1862 399 1895 eum
425 1849 504 1898 fibi
531 1847 795 1900 desumfiffe.
858 1855 1024 1897 Verum
1054 1851 1161 1897 alios
1194 1865 1299 1911 pro·
1345 1849 1394 1894 &
1429 1847 1592 1896 servilis
1627 1863 1773 1912 operat
1811 1849 2006 1898 minister
2042 1849 2240 1912 appellari
2266 1864 2345 1897 cu-
2380 1886 2383 1893 .

290 1908 474 1958 babilius
496 1910 639 1959 dicere
663 1945 677 1966 ‚
737 1916 985 1959 Eumenem
1028 1911 1203 1974 hospitii
1244 1912 1295 1958 δε
1344 1911 1407 1971 pit
1430 1944 1444 1965 ‚
1473 1910 1620 1960 abusui
1645 1914 1765 1959 vocis
1789 1910 1980 1960 dandum
2003 1945 2018 1968 ,
2077 1925 2236 1959 omnes
2262 1912 2345 1960 ici·

292 1974 489 2021 amicitia:
530 1987 712 2035 paterna:
756 1973 877 2022 causa
920 1973 947 2022 a
998 1975 1203 2038 Philippo
1244 1974 1297 2021 ad
1345 1976 1478 2036 mus)
1533 1974 1638 2023 ideo
1683 1976 1864 2037 requirit
1905 1972 1959 2020 ad
1996 1975 2084 2022 hoe
2109 1973 2340 2030 officium,

290 2035 443 2083 altiora
465 2036 745 2098 provestum.
805 2040 924 2096 Mag.
1350 2050 1387 2083 1.
1437 2031 1610 2097 familie¹
1645 2038 1874 2094 honestatem
1895 2068 1909 2090 ,
1943 2052 1986 2084 2.
2031 2037 2247 2096 speHatam
2273 2040 2343 2082 in·

356 2113 376 2144 1
411 2100 551 2145 Scriba
572 2103 662 2144 [σω.
696 2106 714 2157 ]
755 2098 1002 2148 Plutarchus
1039 2104 1295 2163 ἀρχιγρκμ-
1341 2098 1567 2156 dustriam,
1603 2099 1651 2148 id
1672 2098 1760 2154 est,
1802 2096 2118 2159 ἑπιδὶξιότητα.
2153 2097 2197 2146 ὲν
2231 2095 2340 2151 ταῖς

237 2157 240 2162 “
289 2162 476 2221 pavia,
516 2161 562 2208 id
583 2159 732 2218 sonat,
764 2163 989 2221 fcrffbarum
1007 2169 1219 2224 principem
1243 2167 1294 2217 {5-
1346 2166 1433 2210 τῶν
1445 2163 1653 2227 σροιξίων
1675 2162 1995 2226 ἑπιχειρὶσισι,
2021 2160 2341 2223 promptitudi-

283 2224 515 2285 praefebium
538 2257 554 2280 ,
613 2238 718 2272 cum
739 2239 832 2286 quo
860 2229 959 2273 Rex
995 2226 1143 2273 omnia
1165 2226 1298 2273 etiarn
1345 2240 1452 2274 nem
1477 2226 1794 2281 exercitatam,
1831 2223 1969 2285 qualis
1994 2222 2041 2271 in
2067 2236 2212 2271 rerum
2242 2222 2342 2272 εᾶιι

284 2284 533 2400 ῗιπίίῖῐηιε
567 2288 747 2349 negotia
781 2288 1165 2343 communicabat,
1191 2286 1298 2337 fiais·
1346 2287 1499 2336 dextre
1560 2286 1781 2337 tranando
1840 2285 2045 2335 laudatur.
2120 2302 2163 2341 3.
2196 2285 2338 2346 fidem.
2418 2317 2423 2322 -

311 2349 337 2395 e
349 2348 506 2412 prodit
536 2382 550 2403 ,
598 2351 709 2398 tales
749 2349 884 2399 hodie
928 2354 1177 2399 cancellarios
1218 2366 1297 2399 vo·
1345 2353 1617 2414 Dignitatem
1640 2350 1777 2400 officii
1819 2348 2048 2399 ostendit:
2106 2364 2145 2397 1.
2191 2352 2347 2397 honori·

287 2425 403 2459 cant.
434 2416 588 2473 Longal.
651 2414 862 2463 Arrianus,
878 2414 956 2463 lib.
985 2430 1030 2461 v.
1072 2432 1298 2477 ypoeauae-
1336 2414 1498 2471 ficentiae
1521 2414 1668 2462 titulo.
1730 2429 1776 2461 2.
1807 2416 1941 2475 gradu
1973 2415 2155 2459 amicitia
2200 2416 2343 2474 regia,

290 2477 579 2537 eiaappellat
606 2475 890 2537 (impliciterz
922 2475 1101 2536 Θάψας
1126 2479 1208 2529 ἃ,
1240 2480 1298 2529 εἰς
1341 2490 1440 2535 quae
1486 2477 1704 2535 majorum
1737 2489 1883 2521 rerum
1917 2472 2124 2522 ministris
2145 2470 2234 2521 scil.
2260 2475 2343 2526 tri-

283 2536 443 2595 165⁴&
474 2539 632 2601 αὐτῷ,
676 2545 758 2589 τίς
784 2541 1175 2590 τελευτήσαντας,
1207 2538 1295 2584 Εὑ-
1341 2534 1500 2586 buitur.
1554 2553 1596 2591 3.
1629 2540 1777 2583 intima
1809 2536 2102 2593 familiaritatis
2142 2549 2246 2588 cum,
2271 2550 2344 2585 te-

292 2603 400 2659 μένη
418 2599 491 2648 τὸν
504 2602 794 2661 ’γραμματέα
819 2598 1202 2658 {anian-uituli,-
1215 2601 1294 2647 Mo
1337 2612 1394 2660 ge
1436 2597 1763 2646 consuetudine.
1825 2601 1992 2644 Munus
2032 2593 2171 2656 ipsum
2210 2611 2345 2645 com·

291 2662 445 2715 πόλεις
464 2693 481 2715 ,
521 2662 607 2713 ταῖς
633 2661 947 2712 curatore-chuc
975 2657 1073 2711 τοῖς
1118 2662 1307 2722 Evasi-f
1339 2659 1540 2720 pleaitur
1600 2658 1786 2721 generali
1844 2655 2132 2719 expressione.
2195 2659 2340 2711 Scriba

295 2737 388 2775 ma,-
413 2755 430 2778 ,
472 2723 565 2771 ἃς.
625 2724 804 2768 Lambin.
868 2722 1021 2783 Qalis
1053 2724 1294 2771 Amenides
1337 2722 1430 2770 talis
1478 2722 1687 2769 omnium
1733 2717 2024 2767 consiliorum
2082 2719 2147 2772 est
2203 2725 2344 2785 parti..

291 2784 415 2836 Darii
453 2783 563 2845 apud
602 2783 811 2829 Curtium
847 2781 925 2845 lib.
963 2798 1068 2831 νη.
1124 2797 1213 2848 cap.
1249 2802 1290 2840 3.
1338 2798 1452 2845 ceps.
1486 2786 1696 2831 Boeclerus.
1760 2781 1893 2845 Apud
1924 2784 2156 2832 Romanos
2193 2783 2343 2836 liberti

291 2846 509 2896 Mullinus
538 2843 770 2892 Alexandri
794 2859 863 2907 ap.
899 2846 1029 2893 eund.
1053 2860 1189 2894 vrrr.
1218 2862 1290 2896 11.
1338 2845 1431 2893 fere
1466 2841 1613 2893 scribae
1634 2876 1649 2898 ‚
1712 2846 1811 2908 quia
1841 2844 2130 2893 dominorum
2158 2849 2336 2896 nomina

292 2913 514 2969 Erantque
549 2922 609 2955 ex
653 2908 806 2955 amieis
845 2911 914 2955 Re
948 2908 1024 2961 is‘,
1088 2922 1137 2957 ut
1165 2909 1293 2958 tradit
1339 2906 1576 2960 induerant.
1618 2907 1680 2956 fic
1704 2913 1774 2957 M.
1837 2908 2012 2957 Tullius
2043 2914 2203 2958 Laurea
2237 2907 2337 2960 for·

289 2974 511 3024 Arrianus,
587 2974 658 3017 De
696 2967 855 3031 quibus
937 2971 1098 3020 'sertim
1135 2970 1291 3019 Briffo-
1339 2969 1442 3018 tasse
1466 2971 1698 3019 Ciceronis
1719 2969 1903 3020 libertus
1922 3004 1938 3027 ,
1974 2969 2031 3018 de
2057 2985 2150 3033 quo
2171 2969 2267 3021 libr.
2292 2988 2336 3023 v.

290 3037 392 3088 nina
427 3033 502 3086 lib.
535 3050 576 3083 1.
618 3034 669 3081 &
688 3031 823 3097 Casp.
884 3034 1081 3081 Barthius
1124 3034 1169 3081 in
1197 3035 1290 3082 Ad·
1338 3031 1465 3096 epist.
1479 3049 1555 3081 xx.
1587 3033 1642 3082 ad
1670 3032 1918 3084 familiares.
1960 3034 2082 3081 Plura
2106 3033 2164 3088 de
2189 3033 2337 3084 scribis

283 3096 402 3167 svers.
427 3094 503 3156 lib.
531 3113 567 3146 ι.
596 3111 690 3159 cap.
719 3112 757 3145 1.
787 3137 796 3144 .
826 3096 1039 3155 Toiscribae
1058 3100 1135 3143 loco
1159 3094 1211 3145 ab
1223 3099 1293 3146 in·
1337 3096 1385 3144 in
1412 3095 1604 3144 verrinis
1625 3095 1886 3147 afflonibus.
1945 3099 2017 3143 De
2039 3098 2237 3147 Notariis
2257 3112 2337 3145 ve-

257 3175 258 3180 *
292 3174 361 3215 tec
391 3174 484 3208 rete
509 3160 657 3221 potius
678 3192 692 3214 ,
752 3172 884 3220 quam
908 3156 960 3205 ab
997 3158 1172 3206 austore
1219 3174 1293 3208 ro-
1337 3173 1390 3210 ro
1433 3159 1483 3206 &
1520 3158 1826 3210 tabellionibus
1866 3157 2087 3209 Ausonius
2113 3158 2164 3206 δι
2194 3163 2335 3210 Wou-

292 3175 409 3273 sega
448 3220 621 3271 censeo.
662 3221 801 3334 nffiuid
836 3222 962 3270 enim
985 3221 1102 3268 aliud
1239 3228 1293 3270 ad
1337 3222 1488 3270 werius
1521 3222 1568 3270 in
1605 3222 1876 3285 Polymathia
1907 3221 1958 3268 &
1980 3219 2167 3283 Johann.
2228 3226 2344 3271 Bro-

288 3302 461 3332 manum
477 3289 635 3341 habere,
694 3287 703 3296 ”
764 3317 780 3339 ,
799 3286 933 3345 fi'ribae
957 3286 1071 3331 loco?
1099 3282 1159 3331 fic
1179 3300 1291 3340 mox
1335 3284 1452 3333 daeus
1473 3303 1519 3343 4.
1547 3285 1732 3336 Miscell.
1761 3298 1848 3347 cap.
1863 3298 1907 3337 9.
1935 3284 2130 3333 Sabutus.

291 3364 431 3394 revera
454 3381 469 3405 ,
500 3347 550 3394 &
575 3363 621 3395 ut
634 3350 732 3408 sune
754 3380 768 3403 ,
794 3344 989 3404 eiusdem
1009 3345 1288 3409 fignificatio·
1398 3367 1431 3406 4
1458 3353 1531 3396 Illo
1552 3350 1765 3409 interfeblo.
1798 3354 1816 3404 J
1874 3349 1918 3393 A
1951 3343 2160 3397 Pausania.
2220 3346 2333 3396 Vide

287 3409 363 3458 nis
400 3407 497 3457 sunt
525 3444 543 3465 ,
603 3425 735 3474 atque
780 3410 1036 3460 alterutrum
1077 3408 1290 3460 abundare
1336 3411 1446 3459 infra
1465 3413 1514 3457 de
1535 3413 1715 3481 Qum.
1776 3409 1982 3471 Contigit
2016 3407 2126 3456 illud
2165 3409 2335 3471 Olym-

286 3470 474 3518 videtur.
1336 3472 1448 3536 piad.
1473 3487 1564 3529 cxx.
1595 3487 1710 3521 anno
1735 3486 1774 3519 1.
1839 3476 2062 3522 Eumenes
2091 3483 2238 3520 autem
2263 3486 2336 3519 re-

344 3539 376 3585 'z
409 3541 516 3580 Nam
538 3536 646 3595 apud
666 3550 746 3581 nos.
774 3541 794 3595 ]
836 3532 886 3581 16
906 3548 961 3583 ex
986 3535 1177 3585 verrinis
1204 3536 1284 3583 ci·
1334 3536 1450 3598 gulis
1485 3547 1610 3591 tutor
1634 3533 1758 3585 datur
1787 3534 1972 3600 olymp.
2014 3547 2113 3587 αν.
2143 3548 2256 3583 anno
2285 3550 2330 3586 x.

275 3595 452 3649 camis
494 3595 544 3648 δι
571 3596 746 3647 Horatii
789 3594 1065 3650 sennanibus
1112 3600 1282 3650 nemini
1337 3603 1551 3661 armaag,

2167 3674 2189 3714 x
2219 3661 2330 3710 Pra-
