2577 4292
585 147 772 213 Τιτ.
861 143 1372 211 PoMt’omvs
1463 142 1870 213 Arrrcvs.
2142 170 2265 233 377

222 302 360 350 rem
410 270 435 330 ἰ
466 279 735 349 Fulviam
760 277 1055 347 omnibus
1080 277 1262 357 rebus
1302 274 1552 370 spoliate
1595 279 1927 373 cupiebant
1950 330 1970 358 ‚
2038 278 2264 351 liberos

229 376 419 441 etiam
454 378 808 468 extinguere
843 370 1153 465 parabant.
1210 372 1450 441 Atticus
1472 419 1494 448 ‚
1569 397 1714 440 cum
1750 372 2075 442 Ciceronis
2124 380 2265 443 inti-

229 489 338 533 ma
376 464 770 536 familiaritate
826 486 1090 539 uteretur
1123 517 1144 544 ,
1236 461 1630 535 amiciffimus
1666 459 1807 534 esset
1843 471 2072 535 Bruto:
2129 496 2263 538 non

117 571 126 581 '
228 560 429 627 modo
462 559 617 629 nihil
651 564 723 627 iis
761 553 1004 626 indulfit
1044 560 1121 625 ad
1164 558 1523 626 Antonium
1569 555 1926 627 ‘violandum
1972 609 1993 640 ‚
2086 559 2183 628 led
2228 562 2263 631 ὲ

228 657 532 720 contrario
560 651 883 725 familiares
908 658 1035 740 ejus
1058 701 1078 729 ‚
1148 677 1228 721 ex
1252 649 1403 719 urbe
1428 646 1850 743 profugientes
1873 702 1893 730 ‚
1960 676 2262 747 quantum

224 748 455 837 potuit,
495 750 678 828 texit3
725 743 950 837 quibus
973 741 1152 815 rebus
1174 747 1603 837 indiguerunt,
1662 744 1927 834 adjuvit:
1976 764 2002 794 2
2033 748 2100 815 P.
2112 772 2261 816 veto

221 835 571 908 Volumnio
596 864 668 908 ea
691 836 899 907 tribuit
923 888 942 915 ,
1026 860 1102 910 ‚ut
1126 837 1296 930 plura
1330 837 1367 904 a
1407 859 1659 997 parente
1680 833 1974 929 proficisci
1995 863 2125 908 non
2148 865 2263 934 po-

215 935 462 999 tuerint.
552 928 669 1026 Ipsi
692 954 898 1000 autem
922 928 1140 1003 Fulvia:
1161 981 1183 1010 ,
1239 955 1387 999 cum
1438 929 1618 997 'tibus
1642 929 2019 997 distineretur
2043 981 2063 1009 ‚
2131 959 2264 1004 ma..

217 1020 475 1117 gnisque
531 1024 858 1095 terroribus
915 1046 1234 1093 vexaretur
1277 1075 1298 1104 ‚
1388 1044 1556 1093 tanta
1609 1020 1924 1115 diligentia
1980 1020 2264 1097 officium

217 1117 394 1185 suum
434 1117 700 1212 praestitit
734 1167 755 1197 ,
850 1135 872 1174 ³
908 1138 976 1186 ut
1001 1115 1242 1186 nullum
1284 1115 1386 1185 illa
1420 1115 1628 1184 stiterit
1663 1116 2091 1184 vadimonium
2137 1116 2265 1189 sme

216 1209 462 1290 Attico,
507 1204 1076 1305 sponsor—omniurn
1103 1208 1542 1294 terum-filetit.
1632 1209 1814 1300 Quin
1836 1213 2055 1289 etiam,
2113 1234 2260 1282 cum

211 1299 311 1370 illa
344 1301 608 1374 fimdum
651 1303 912 1373 secunda
952 1302 1198 1372 fortuna
1239 1324 1270 1366 4
1302 1299 1539 1373 emisset
1559 1306 1627 1369 in
1650 1305 1850 1386 diem3
1893 1326 2096 1395 neque
2102 1307 2261 1464 gost

211 1393 625 1466 calamitatem
650 1396 948 1466 versutam
984 1395 1179 1466 facere
1205 1393 1490 1488 potuisset
1513 1446 1535 1475 ‚
1625 1394 1726 1463 ille
1760 1394 1819 1463 se
1859 1398 2101 1490 intetpo
2125 1422 2138 1442 ·
2166 1400 2258 1483 it3

206 1492 660 1582 pecuniamque
694 1486 820 1560 fine
865 1489 1109 1558 foenore
1132 1540 1153 1571 ,
1209 1484 1460 1582 sineque
1495 1487 1618 1556 ulla
1651 1486 2033 1581 stipulatione
2069 1496 2259 1560 credi-

208 1581 301 1648 dit
321 1632 343 1661 ,
414 1588 763 1650 maximum
798 1583 1147 1652 existimans
1185 1582 1483 1676 quaestum
1509 1628 1529 1661 ,
1597 1604 1951 1674 memorem
1986 1604 2257 1676 gratum-

205 1696 331 1766 que
356 1674 645 1768 cognosci
668 1727 687 1755 ,
739 1691 761 1731 5
795 1674 1100 1767 fimulque
1125 1678 1352 1771 aperire
1377 1726 1397 1755 ,
1445 1670 1503 1742 se
1530 1696 1664 1742 non
1683 1672 1980 1751 fortunat,
2024 1674 2127 1743 led
2139 1675 2257 1745 ho-

202 1765 481 1836 minibus
505 1765 693 1839 solere
716 1765 832 1837 esse
857 1774 1122 1841 amicum
1149 1794 1165 1836 t
1209 1794 1348 1863 quae
1373 1793 1517 1836 curn
1539 1764 1797 1836 faciebat
1820 1817 1842 1846 ,
1887 1791 2080 1839 nemo
2106 1793 2252 1838 eum

204 1866 511 1953 temporis
558 1859 749 1930 caussa
782 1860 976 1931 facere
1030 1882 1267 1955 poterat
1321 1861 1681 1932 existimare.
1772 1860 2039 1930 Nemini
2079 1865 2253 1934 enim

197 1952 268 2019 in
292 1955 666 2044 opinionem
693 1954 975 2024 veniebat
997 2006 1019 2035 ,
1077 1955 1432 2025 Antonium
1453 1979 1657 2025 rerum
1681 1956 2041 2049 potiturum.
2130 1956 2256 2026 Sed

192 2039 392 2114 sensus
419 2054 547 2141 ejus
574 2048 608 2115 ἐι
633 2046 947 2117 nonnullis
982 2048 1387 2143 optimatibus
1424 2046 1985 2149 reprehendebatur
2007 2100 2029 2129 ,
2074 2049 2252 2144 quod

187 2160 406 2231 parum
456 2138 649 2210 odisse
696 2139 896 2211 malos
946 2144 1108 2211 cives
1157 2145 1479 2214 videretur.
1572 2146 1600 2192 ⁶
1629 2141 1738 2212 Ille
1781 2165 1988 2213 autem
2030 2140 2116 2212 sui
2156 2153 2250 2237 ju·-

185 2231 365 2312 dicii,
431 2235 638 2328 potius
661 2282 684 2312 ,
742 2235 892 2326 quid
918 2231 975 2299 se
1000 2234 1195 2301 facere
1219 2258 1328 2325 par
1354 2232 1497 2299 effet
1523 2283 1544 2311 ,
1602 2233 1952 2302 intuebatur
1976 2285 1997 2313 ,
2055 2261 2248 2329 quam

2097 2331 2250 2419 quid

1241 2478 1320 2532 stit.
1383 2481 1443 2525 Et
1467 2481 1586 2527 Cato
1611 2475 1724 2540 apud
1757 2455 1992 2539 'ngenium
2026 2477 2144 2527 libro
2179 2495 2249 2532 tt.

1241 2544 1634 2665 2222¹⁹1ffi„··}}‘1“
1643 2543 2060 2653 {3533}ssssss
2059 2546 2256 2654 “p''ss‘avi‘i

1244 2666 1463 2715 Gebhard.

1305 2749 1339 2787 4
1363 2730 1527 2789 Emr‘fflx
1543 2731 1585 2775 in
1610 2730 1731 2777 diem.
1765 2735 1784 2787 J
1845 2732 1905 2778 Vt
1918 2727 2105 2778 solveret
2124 2742 2248 2790 certo

1242 2804 1465 2853 tempore.
1495 2795 1717 2866 Frequens
1740 2792 1802 2840 est
1833 2793 1880 2841 in
1905 2790 2115 2842 omnibus
2138 2809 2247 2843 con-

242 2496 265 2529 1
303 2491 477 2530 onrem
498 2482 708 2530 Fulviam.
751 2488 771 2540 J
830 2478 1082 2528 Foeminam
1108 2477 1195 2525 im-

178 2545 387 2606 periosam
421 2582 438 2599 ,
480 2545 638 2606 -qualis
682 2545 757 2592 illa
789 2542 1031 2606 Tarquinii
1058 2545 1193 2588 ‘rana-

181 2608 289 2668 quil.
318 2608 528 2671 Pompeii
555 2607 678 2667 Iulia.
708 2602 903 2666 Kenchen.
967 2604 1191 2660 velleius:

187 2675 292 2718 onr
314 2672 506 2719 ,Antonii
526 2674 683 2717 Fulvia
708 2703 722 2725 ‚
780 2674 881 2716 nib-il
900 2669 1191 2729 mulubreprae-

179 2743 579 2843 '‘zssss'fflffl'i
617 2729 1190 2849 Jgffiss‘ssffgbffizzss·

188 2871 193 2877 ’
242 2872 270 2904 2
300 2864 353 2906 P.
369 2874 470 2905 vero
499 2859 714 2904 Volmnio.
745 2864 764 2915 ]
826 2856 901 2905 Est
924 2857 1000 2906 ille
1024 2862 1072 2903 Ρ.
1088 2860 1190 2901 Vo-
1240 2855 1446 2904 tractibus
1469 2888 1485 2913 ,
1533 2854 1620 2906 diei
1644 2856 1714 2903 vel
1752 2854 2019 2905 conditionis
2043 2855 2245 2917 adjeaio.

182 2917 381 2970 lumnius
417 2918 678 2979 Eutrapelus
714 2917 944 2980 praefeaus
975 2917 1190 2973 Fabtsun,
1239 2920 1437 2980 Ernstius.

180 2980 233 3027 ad
263 2998 406 3045 quem
452 2981 602 3043 scripta
645 2979 710 3028 est
741 2982 923 3043 epistola
955 2981 1109 3028 ultima
1138 2981 1187 3028 δι
1304 2998 1324 3037 ς
1360 2983 1573 3043 Simulque
1593 2985 1754 3042 aperire.
1787 2988 1806 3039 ]
1860 2985 1992 3045 Supra
2017 2981 2063 3031 in
2084 2986 2248 3031 Cono-

180 3047 425 3104 penultima
461 3043 540 3092 lib.
568 3056 673 3090 vn.
716 3042 768 3090 ad
795 3046 917 3093 Fam.
979 3043 1190 3092 Meminit
1236 3058 1294 3091 ne
1324 3062 1337 3088 z
1367 3052 1498 3107 Neque
1521 3059 1616 3089 vero
1645 3062 1720 3090 nm
1741 3043 1827 3102 fuit
1844 3058 2040 3106 apertum.
2085 3043 2193 3117 pets
2212 3045 2248 3082 ‘-

181 3117 386 3165 ptaeterea
420 3108 515 3167 ejus
541 3105 706 3153 Cicero
725 3105 852 3167 epist.
880 3113 954 3155 26.
1009 3104 1087 3154 lib.
1117 3121 1186 3154 xx.
1233 3121 1365 3155 cuum
1393 3140 1409 3163 ,
1454 3120 1503 3153 ac
1538 3106 1717 3153 clarum.
1747 3106 1947 3154 Gebhard.
1995 3105 2161 3168 Sigluce
2195 3121 2256 3155 ue

188 3172 319 3216 «Audi
341 3203 358 3227 ‚
397 3170 570 3234 inquit,
609 3172 764 3232 reliqua
789 3183 806 3223 3
842 3171 955 3229 infra
991 3172 1186 3230 Eutrape-
1235 3171 1431 3224 mavult,
1459 3182 1655 3231 apparere.

184 3230 276 3275 lum
298 3236 443 3289 oyuris
461 3234 656 3281 accubuit.
689 3230 833 3279 Ernst.

250 3308 271 3345 3
313 3301 361 3341 Vt
384 3298 544 3343 mullum
564 3294 639 3342 illa
656 3292 806 3356 stiterit
838 3295 1134 3340 vadimonium.
1165 3299 1185 3352 J

1298 3240 1325 3278 6
1375 3236 1451 3279 Ille
1481 3244 1613 3278 autem
1636 3230 1707 3288 sui
1730 3230 1894 3288 judicii.
1922 3235 1940 3287 ]
2002 3229 2095 3295 Qi
2135 3225 2245 3280 effer.

1233 3290 1378 3342 homo
1398 3293 1464 3343 sui
1486 3292 1632 3353 judicii
1654 3326 1671 3345 ,
1702 3289 1790 3338 hoc
1812 3289 1904 3346 est,
1932 3291 2011 3354 qui
2033 3307 2127 3340 non
2152 3304 2247 3342 tam
2309 3335 2316 3342 .

179 3354 329 3411 Snstm
349 3359 624 3406 vadimonium
645 3356 736 3411 est,
775 3354 901 3419 quod
923 3353 1033 3402 datis
1068 3354 1183 3403 vadi·
1232 3358 1419 3405 aliorum
1449 3388 1464 3412 ‚
1524 3367 1658 3417 quam
1693 3350 1773 3400 suo
1818 3351 1979 3412 judicio
2017 3355 2243 3407 niteretur.
2338 3405 2342 3410 .

183 3413 269 3464 bus
288 3415 564 3479 promiserat,
592 3416 638 3468 se
660 3418 886 3479 injudicio
910 3417 1067 3466 fistete.
1122 3422 1182 3465 Et
1231 3423 1390 3467 Homo
1414 3416 1478 3466 sui
1505 3416 1649 3478 judicii
1678 3414 1857 3464 fortasse
1896 3415 1960 3465 est
1996 3417 2033 3465 is
2050 3448 2063 3469 ‚
2106 3432 2247 3480 quem

180 3477 245 3527 fic
266 3483 431 3555 {iberam
450 3486 604 3558 vades..
647 3483 815 3532 Cicero
837 3495 923 3557 pro
943 3479 1177 3555 Quinffioz
1231 3483 1376 3533 Graeci
1399 3479 1700 3589 ἰδίοῖνῶμονα
1722 3474 1798 3525 seu
1829 3479 1983 3543 potius
2022 3480 2255 3548 αὑτογιό·

182 3549 298 3600 Vena
320 3549 496 3612 Quam
513 3547 730 3620 aurifluus
753 3582 772 3604 ,
823 3548 1103 3598 vadmonium
1112 3545 1174 3606 fi·
1229 3562 1351 3606 μονα
1380 3544 1611 3662 app-21:12}-
1642 3541 1828 3594 Lambm·
2202 3614 2255 3660 m
