2577 4292
648 155 836 224 ΤΙΤ.
889 156 1428 236 PoMl’oNtvs⁸
1465 152 1883 225 AT'rtcvs.
2151 185 2278 250 379

231 290 475 362 rebatur
514 293 584 360 in
617 290 997 375 Ciceronem
1022 342 1043 372 ,
1082 314 1156 360 *ut
1189 316 1323 359 non
1348 288 1545 367 solum
1568 292 1671 372 ei,
1726 290 1828 362 sed
1853 295 2038 363 etiam
2083 300 2292 366 omni·-

235 384 352 453 bus
390 382 507 453 suis
563 386 771 454 amicis
812 382 955 454 effet
1004 387 1288 453 inimicus
1314 434 1334 462 ,
1401 382 1623 476 eosque
1658 383 1839 455 vellet
1882 386 2289 481 proscribere3

232 478 446 547 multis
476 476 864 546 hortantibus
903 501 1112 547 tamen
1139 527 1159 556 ,
1252 476 1449 545 -Attici
1486 501 1731 547 memor
1770 477 1883 548 fuit
1926 478 2120 551 officii
2144 507 2176 548 :·
2219 488 2290 550 ὃς

172 614 177 615 ff
237 575 294 639 ei
322 621 367 650 ‚,
400 594 542 639 cum
566 565 897 662 requififlet
921 620 942 650 ,
997 570 1253 640 ubinam
1278 568 1421 638 effet
1443 619 1463 649 ,
1520 565 1622 637 sua
1656 569 2099 667 manu-scripsit
2126 625 2146 654 ,
2205 594 2288 645 ne

234 666 481 734 timeret
506 715 526 744 ,
572 665 896 756 statimque
923 666 999 733 ad
1021 659 1079 733 se
1102 666 1379 733 veniret:
1424 663 1482 733 se
1507 686 1654 731 eum
1678 713 1699 743 ,
1745 667 1812 731 δε
1853 667 2120 738 Gellium
2163 668 2290 737 Ca-

235 760 411 827 nium
463 774 482 807 ¹
520 758 595 826 de
638 753 1117 850 proscriptorum
1155 780 1419 826 numero
1460 755 1747 838 ‚exemisse
1772 805 1793 835 ,
1842 783 1910 857 ac
1933 809 1953 837 ,
2010 787 2087 830 ne
2114 766 2290 853 quod

178 846 181 852 ’
231 847 572 940 periculum
600 850 892 920 incideret
933 901 953 929 ,
999 852 1171 944 quod
1210 851 1405 918 noctu
1428 846 1615 918 fiebat
1639 901 1660 929 ,
1719 853 2059 942 praehdium
2083 862 2139 922 ei
2172 861 2290 924 mi-

230 940 321 1011 fit.
415 943 515 1011 Sic
539 945 776 1010 Atticus
801 946 866 1012 in
898 941 1148 1013 summo
1172 946 1396 1013 timore
1422 968 1558 1010 non
1576 941 1773 1013 solum
1796 941 1940 1024 fibi,
1986 942 2081 1015 sed
2097 952 2281 1018 etiam

233 1040 338 1112 ei-,
433 1059 576 1104 uem
604 1033 972 1104 cariffimum
1000 1037 1268 1106 habebat
1290 1085 1310 1115 ,
1364 1031 1640 1130 praefidio
1667 1035 1822 1119 fuit3
1878 1061 2081 1131 neque
2107 1046 2278 1110 enim

233 1123 351 1194 suae
399 1128 571 1198 olum
609 1127 642 1196 ὲ
687 1153 1010 1222 quoquam
1051 1131 1344 1199 auxilium
1369 1129 1543 1222 petiit
1566 1124 1762 1197 salutis
1784 1180 1806 1209 ,
1897 1126 1996 1199 sed
2020 1141 2276 1225 conjun-

186 1216 196 1224 ’
233 1221 389 1289 (stim
430 1271 450 1299 ,
543 1220 608 1290 ut
637 1246 949 1317 appareret
973 1223 1202 1293 nullam
1226 1222 1557 1314 sejunctam
1602 1218 1715 1290 fibi
1758 1222 1836 1291 ab
1871 1246 1953 1292 eo
1976 1224 2128 1297 velle
2155 1225 2280 1296 for-

124 1327 132 1333 ’
232 1334 466 1383 tunam.
558 1319 754 1409 Qod
791 1311 839 1383 fi
874 1314 1248 1410 gubernator
1292 1317 1592 1408 praecipua
1626 1313 1802 1385 laude
1840 1315 2027 1387 fertur
2056 1368 2079 1399 ,
2162 1325 2279 1482 ‘qui

226 1430 452 1476 navem
479 1433 555 1475 ex
586 1409 810 1500 hyeme
834 1459 853 1487 ,
912 1414 1188 1503 marique
1228 1403 1546 1502 scopuloso
1572 1403 1801 1492 [etvat3
1858 1435 1962 1480 cut
1986 1438 2119 1481 non
2188 1440 2280 1485 m-

224 1497 452 1591 gulatis
475 1506 603 1590 ejus
627 1502 999 1570 existimetur
1020 1505 1342 1598 prudentia
1366 1550 1386 1580 ‚
1433 1503 1647 1593 quiex
1676 1523 1803 1583 tot,
1862 1504 2115 1598 tamque
2143 1530 2278 1599 gra-

132 1644 137 1653 .
227 1589 406 1659 vibus
431 1591 713 1685 procellis
747 1592 1022 1669 civilibus
1060 1597 1138 1665 ad
1173 1593 1667 1664 incolumitatem
1695 1601 1970 1690 pervenit
2000 1614 2019 1665 2
2116 1603 2278 1694 Qi-

230 1681 346 1752 bus
370 1709 450 1754 ex
479 1682 656 1751 malis
679 1705 746 1752 ut
769 1682 825 1755 se
850 1682 1088 1757 e'merfit
1112 1740 1132 1768 ,
1186 1686 1345 1757 nihil
1369 1687 1528 1755 aliud
1557 1693 1684 1784 egit
1708 1739 1726 1768 ,
1787 1714 1974 1782 quam
2000 1711 2068 1758 ut
2091 1693 2275 1785 pluri-
2330 1733 2336 1737 -

225 1779 346 1844 mis
368 1826 393 1856 ,-
448 1775 675 1869 quibus
699 1776 878 1847 rebus
903 1778 1093 1873 posset
1117 1832 1137 1860 ,
1181 1779 1325 1850 esset
1357 1780 1602 1851 auxilio,
1630 1838 1637 1845 .
1695 1783 1868 1851 Cum
1908 1782 2270 1879 proscriptos
2287 1806 2311 1855 1
2333 1805 2361 1854 1

214 1872 494 1961 praemiis
528 1874 974 1964 Imperatorum
1014 1873 1228 1969 vulgus
1270 1879 1657 1969 conquireret
1680 1925 1701 1955 ,
1793 1901 1987 1946 nemo
2032 1881 2097 1945 in
2135 1884 2277 1975 Epi..

221 1986 363 2030 tum
387 1966 559 2031 venit
581 2014 601 2042 ‚
695 1969 909 2034 cuites
935 1962 1055 2034 ulla
1080 1965 1353 2038 defiletit.
1447 1968 1713 2038 Nemini
1762 1997 1894 2039 non
1937 1967 2025 2039 ibi
2063 1996 2276 2067 perpe-

219 2074 330 2122 tuo
359 2055 650 2124 manendi
687 2058 949 2151 potestas
972 2058 1133 2130 facta
1178 2061 1307 2131 est:
1377 2065 1529 2157 quin
1573 2068 1816 2133 etiam:
1873 2082 1902 2114 2
1933 2066 2072 2160 post
2124 2090 2275 2162 prae-

210 2145 372 2226 ,lium
412 2146 839 2243 Philippense,
898 2172 920 2226 3
962 2156 1399 2249 interitumque
1438 2158 1517 2226 C.
1549 2158 1783 2238 Caffii,
1844 2163 1913 2227 &
1953 2161 2049 2227 Μ.
2073 2162 2273 2246 Bruti,

213 2240 540 2335 ’LJulium
569 2242 894 2311 Mocillam
922 2246 1281 2313 Praetorium
1308 2295 1328 2325 ,
1388 2252 1453 2311 ὃ(
1494 2246 1689 2314 filium
1730 2258 1858 2337 ejus
1901 2299 1922 2326 ,
2012 2253 2277 2346 Aulum..

221 2357 346 2425 que
383 2335 823 2428 Torquatum,
917 2332 1281 2429 caeterosque
1319 2339 1448 2431 pati
1483 2334 1729 2406 fortuna
1762 2335 2064 2431 perculsos
2108 2346 2273 2417 insti-

221 2429 362 2495 terit
386 2433 536 2497 tueri
564 2478 586 2507 ,
645 2450 828 2520 atque
853 2452 932 2496 ex
958 2432 1143 2522 Epiro
1183 2430 1279 2497 his
1307 2429 1602 2498 omnibus
1627 2430 2115 2501 Samothraciam
2140 2438 2273 2533 sup-

217 2524 445 2612 portati
469 2519 649 2612 juffit.
736 2516 1005 2589 Difficile
1033 2526 1203 2591 enim
1231 2522 1317 2592 est
1341 2526 1556 2592 omnia
1593 2520 1867 2618 persequi
1899 2575 1919 2603 ,
1977 2545 2009 2591 4
2037 2530 2104 2593 δε
2139 2531 2274 2601 ηὀη

214 2611 557 2687 neceffaria.
648 2613 804 2683 Illud
839 2639 1036 2702 unum
1073 2615 1330 2712 intelligi
1363 2616 1653 2687 volumus
1696 2668 1720 2698 ,
1813 2616 1970 2687 illius
2021 2619 2282 2693 liberali-

2192 2739 2277 2790 ta-

212 2926 329 2981 vide
352 2928 466 2979 Plut.
497 2930 543 2978 in
569 2932 798 2982 Cicerone.
835 2939 1093 2997 tQuchem'us.
1265 2941 1314 2986 ti.
1346 2944 1365 2996 ]
1395 2939 1585 3001 Appian.
1615 2943 1722 2991 Dio.
1747 2946 2136 3006 Velleius.1-'lorus‚
2167 2948 2270 3001 Dee.

242 3041 245 3050 ,
280 3009 298 3040 1
349 2999 416 3039 De
440 2993 744 3056 proscriptorum
779 3015 950 3046 numero.
994 3005 1012 3057 ]
1073 3005 1222 3064 Qem
1266 3006 1438 3047 Brutum
1465 3009 1647 3052 ,Antonin
1670 3011 1865 3057 interemit
1894 3014 2125 3064 crudelitas.
2172 3017 2268 3063 Sex.

205 3054 340 3103 uadit
382 3057 604 3119 Appianas
640 3071 708 3105 ιν.
767 3059 930 3116 inova.
992 3062 1148 3110 Florus
1176 3064 1221 3110 in
1268 3068 1495 3126 Pompejum
1520 3070 1569 3114 ab
1591 3072 1719 3117 eodem
1747 3077 1904 3119 villum
1931 3106 1947 3128 ‚
1986 3077 2090 3122 idem
2126 3083 2271 3124 ,Anto-

215 3122 509 3166 Triumvirasu
527 3118 586 3168 de
613 3121 913 3179 senatoribus,
941 3121 1021 3171 ubi
1049 3123 1100 3172 ab
1124 3130 1215 3188 Ap·
1262 3131 1378 3181 nius,
1405 3146 1498 3176 cum
1520 3132 1721 3193 dtgnitatis
1748 3150 1897 3198 quoque
1912 3138 2119 3196 servanda
2137 3140 2269 3200 dedis-‘-

217 3180 346 3241 piano
366 3195 460 3229 ctx.
489 3180 720 3231 discordat.
1258 3191 1316 3245 [ἐι
1337 3188 1491 3247 fidem,
1516 3198 1635 3240 etiam
1650 3197 1797 3256 spiritu
1805 3202 1988 3257 privavit
2010 3216 2026 3245 .-
2052 3205 2203 3246 Brutus
2216 3204 2266 3253 ό·

281 3257 309 3288 2
361 3246 448 3305 Post
477 3249 660 3306 pralium
701 3248 954 3307 Philippenffi.
998 3254 1016 3305 ]
1077 3249 1214 3312 Qod
1265 3253 1410 3313 Caffius
1460 3268 1674 3318 antequam
1743 3261 1945 3306 viflorum
1999 3267 2267 3322 experirentur

214 3300 452 3353 secundum
477 3308 606 3356 civile
641 3306 695 3356 ab
719 3308 921 3370 Augusto
945 3307 1111 3358 Caesate
1137 3326 1212 3375 ge·
1259 3319 1440 3362 animm
1463 3352 1477 3371 ,
1521 3323 1752 3368 voluntaria
1785 3336 1912 3369 morte
1934 3323 2127 3370 obierunt.
2155 3349 2165 3355 ·
2188 3330 2264 3376 Ρη.

206 3365 345 3414 stum.
408 3371 514 3417 Bella
544 3375 686 3419 civilia
708 3387 880 3434 qumque
911 3373 1023 3434 geffic
1046 3390 1064 3418 .-
1107 3378 1210 3421 Μια-
1259 3388 1363 3426 terc.
1396 3394 1468 3429 ιι.
1507 3379 1623 3429 Vide
1650 3386 1853 3432 senecam
1876 3384 2012 3449 Epist.
2030 3402 2168 3452 txxstt
2181 3404 2219 3439 1.

200 3431 378 3487 linense,
406 3435 668 3494 Philippense,
697 3435 957 3495 Perusinum,
986 3438 1170 3484 Siculam
1188 3473 1204 3493 ,
1318 3459 1352 3497 4
1390 3447 1444 3489 Et
1485 3460 1560 3489 nm
1592 3446 1811 3504 neceffbria.
1858 3453 1876 3503 ]
1935 3449 2266 3503 Freinshemius

206 3494 449 3541 vammum.
478 3497 654 3545 sueton.
1251 3501 1495 3560 existimat,
1521 3504 1698 3558 fortass'e
1722 3507 1955 3574 legendum
1981 3526 1994 3560 t
2032 3516 2157 3564 etim
2192 3533 2266 3564 ne-

269 3572 293 3614 3
351 3559 632 3623 {attritumque
658 3562 705 3612 6.
733 3560 845 3624 ‚Caffii
869 3594 887 3620 ‚
922 3562 977 3616 (7
1003 3566 1072 3614 M.
1097 3569 1199 3614 Bru·
1250 3566 1425 3629 cefflzria.
1459 3570 1658 3622 Boecler.
1861 3602 1865 3605 ⁴

2132 3653 2154 3689 ι
2184 3646 2290 3708 Ne·-
