2577 4292
644 190 831 257 Τιτ.
885 185 1381 253 Porrromvs
1448 183 1852 260 Arrrcvs.
2011 208 2016 217 “
2124 186 2257 280 383

215 325 418 396 mtflto
453 319 970 418 elegantiffimum
1002 322 1258 413 po‘etatn
1300 369 1322 398 ‚
1413 321 1682 391 nostram
1734 321 1925 394 tuliffe
1949 347 2222 432 ‘marem
2236 378 2261 409 ,

218 442 361 489 vere
411 418 624 487 videor
663 408 834 508 polse
878 414 1250 481 contendere
1293 439 1312 493 ;
1400 437 1604 507 neque
1649 420 1859 487 minus
1904 442 2104 490 virum
2149 423 2266 492 bo-

218 536 377 581 num
397 563 418 591 ,
480 507 852 606 optimisque
892 504 1120 574 artibus
1168 510 1474 576 eruditum
1499 557 1520 585 ,
1588 509 1726 601 post
1758 508 2266 607 proscriptionem

220 607 512 698 Equitum
531 655 554 684 ,
616 626 870 697 propter
903 622 1158 693 magnas
1196 607 1322 691 ejus
1347 600 1667 670 Africanas
1702 602 2093 696 poffeffiones
2120 660 2142 687 ,
2198 614 2266 681 in

222 697 697 792 proscriptorum
762 717 1093 766 numerum
1164 708 1185 741 ¹
1220 693 1255 760 ὲ
1322 695 1390 760 Ρ.
1426 691 1776 764 Volumnio
1830 699 2127 770 PraefeCko
2180 702 2269 773 fa-

226 794 405 860 brum
445 792 712 859 Antonii
734 842 756 871 ,
810 787 1133 861 absentem
1168 785 1427 856 relatum
1450 841 1473 870 ,
1545 791 1872 948 exfipedivit.
1963 794 2161 887 Qod
2200 800 2267 867 in

220 883 497 978 praesenti
530 906 737 952 utrmn
775 886 833 950 ei
867 876 1227 951 laboriofius
1261 907 1340 949 an
1383 881 1585 976 glorio
1634 906 1706 954 us
1739 882 1920 952 fuerit
1944 935 1965 964 ‚
2025 885 2272 962 difficile

225 976 348 1046 fuit
369 979 666 1070 judicare3
726 977 898 1069 quod
938 978 1003 1043 in
1026 998 1253 1042 cocum
1291 975 1569 1068 periculis
1605 1002 1738 1044 non
1778 960 1970 1045 secus?
1967 975 2277 1065 absentes,

224 1078 434 1163 quaml
454 1064 766 1164 praesentes
800 1073 1032 1138 amicos
1073 1068 1287 1136 Attico
1323 1066 1440 1137 esse
1497 1091 1652 1138 cutae
1693 1119 1717 1148 ,
1809 1076 2134 1167 cognitum
2177 1076 2280 1146 est.

228 1164 460 1257 Neque
485 1188 631 1232 vero
667 1166 874 1232 minus
908 1162 1007 1231 ille
1050 1164 1144 1230 vir
1184 1210 1206 1239 ,
1300 1160 1505 1231 bonus
1547 1161 1973 1259 paterfamilias
2029 1165 2273 1237 habitus
2285 1210 2350 1274 13

226 1258 313 1325 est
333 1307 354 1336 ‚
398 1282 587 1351 quam
613 1260 783 1325 civis.
876 1256 1053 1324 Nam
1077 1279 1221 1323 cum
1242 1248 1390 1323 elset
1411 1251 1770 1349 pecuniosus
1795 1307 1817 1337 ‚
1875 1275 1903 1307 2
1933 1281 2130 1328 nemo
2166 1260 2274 1331 illo

224 1356 435 1420 minus
462 1352 578 1420 fixit
615 1374 799 1419 emax
825 1401 847 1431 ‚
897 1368 918 1406 ³
956 1353 1162 1417 minus
1189 1346 1535 1420 aedificator.
1629 1348 1861 1444 Neque
1887 1375 2096 1422 tamen
2139 1379 2276 1425 non

223 1444 290 1510 in
326 1447 541 1536 primis
576 1441 738 1512 bene
776 1442 1071 1512 habitavit
1095 1493 1115 1522 ,
1174 1440 1594 1548 omnibusque
1629 1449 1888 1537 optimis
1921 1445 2104 1515 rebus
2141 1445 2277 1516 ulus

226 1536 312 1604 est
335 1586 357 1617 ‚
414 1561 564 1607 nam
605 1555 638 1596 4
665 1540 931 1606 domum
966 1535 1180 1605 habuit
1229 1558 1297 1602 m
1343 1536 1527 1631 Colle
1584 1538 1871 1632 Qrinali
1914 1541 2282 1634 Tamphila-

690 1672 693 1679 .
2096 1658 2281 1717 nam,

221 1780 457 1844 geniorum
476 1796 679 1847 tempora
699 1782 817 1833 vell.
848 1782 1226 1833 Patercul.lib.rr.
1273 1797 1359 1832 um
1391 1801 1534 1850 parcus
1580 1790 1624 1833 in
1660 1784 1879 1846 :deficando
1901 1818 1918 1842 ,
1975 1786 2034 1835 de
2071 1787 2278 1845 Traiano.

222 1851 295 1892 De
318 1858 412 1907 quo
437 1849 604 1895 Cicero
619 1851 663 1895 in
686 1847 1019 1896 Brut.&Caesar
1032 1845 1088 1893 de
1102 1853 1225 1897 B.C.
1274 1852 1469 1898 Lacones
1511 1848 1546 1898 fi
1583 1850 1651 1897 mi
1698 1849 1810 1897 mala
1849 1850 1860 1860 ‘
1941 1851 2076 1898 recari
2101 1853 2278 1913 cogita·

226 1906 305 1978 ¹¹.b·
329 1923 369 1955 1.
427 1912 508 1957 Ille
531 1924 620 1957 erat
647 1910 1012 1973 praestantiffimus
1041 1915 1225 1965 Orator,
1273 1924 1368 1959 rent
1398 1946 1413 1968 ‚
1466 1925 1656 1976 quatuor
1691 1911 1768 1975 ipfi
1807 1864 1996 1960 203oe
2052 1913 2275 1975 optabant.

220 1967 294 2018 luc
319 1972 468 2020 multo
488 1972 826 2036 elegantiffimus
848 1974 1003 2022 Po'e'ta.
1271 1977 1468 2024 Primum
1493 2012 1509 2030 ,
1563 1974 1802 2024 adifimudi
1840 1974 2103 2024 defidenum
2124 1992 2138 2022 t
2197 1979 2275 2025 Se-

293 2048 313 2080 1
349 2043 408 2081 ,Α
436 2041 484 2084 P.
519 2041 720 2083 Volumm'o
742 2071 757 2095 ,
787 2040 966 2099 praseae
986 2038 1173 2098 fabrum.
1202 2046 1223 2099 J
1268 2038 1462 2088 cundum
1480 2074 1495 2092 ,
1524 2038 1780 2088 dilationem
1803 2054 1819 2084 ι
1858 2040 2088 2097 Tertium,
2128 2053 2275 2101 equos

223 2094 473 2160 Ε”π-αρχΘ·
490 2102 578 2146 τῶν
592 2100 827 2163 τεχνιτῶν.
855 2099 1003 2149 Fabris
1028 2102 1152 2151 enim
1176 2104 1222 2151 in
1269 2101 1408 2151 alendi
1433 2100 1623 2151 studium
1656 2120 1669 2149 ε
1713 2107 1957 2167 Quartum,
2001 2115 2052 2150 ut
2083 2117 2273 2154 uxorem

221 2155 342 2206 bello
360 2174 503 2223 opus,
534 2164 613 2225 qui
638 2165 855 2211 machinas
880 2164 1098 2217 facerent,
1128 2166 1221 2213 διε.
1267 2166 1442 2213 haberet
1482 2166 1735 2212 adulteram.
1795 2171 1948 2213 Locus
1985 2163 2119 2213 exstat
2159 2167 2272 2230 apud

222 2225 393 2270 Eorum
413 2238 539 2287 caput
560 2258 573 2279 ,
624 2239 655 2271 o
713 2225 857 2287 risque
874 2238 1046 2271 curator
1071 2227 1122 2270 &
1146 2240 1224 2271 ex·
1268 2227 1470 2271 suidam:
1515 2225 1759 2284 Οῑιὸδομά
1781 2244 1833 2272 σε
1857 2227 1984 2274 λέξοι
2021 2229 2098 2276 καὶ
2133 2228 2274 2288 {peco-

221 2282 346 2331 aaut
378 2286 607 2348 praefestus
684 2286 830 2335 brum.
893 2286 1008 2334 Vide
1029 2286 1226 2348 Lipfium
1272 2287 1338 2332 λεὶ
1369 2317 1385 2340 ,
1447 2285 1523 2330 ὅτε
1551 2283 1723 2340 ‘ino-&-
1762 2286 1840 2333 καὶ
1869 2288 2074 2347 «tyrimas
2098 2291 2269 2350 μοιχὸν

222 2347 453 2410 poliorcet.
476 2364 524 2397 ιι
539 2366 577 2398 r.
600 2357 643 2395 6.
673 2353 840 2398 Bozcler.
1271 2346 1292 2394 ἴ
1294 2363 1390 2409 χοι.
1425 2349 1545 2411 Νξπι
1567 2344 1641 2393 ista
1663 2359 1850 2408 quatuor
1874 2348 2023 2394 omnia
2044 2348 2168 2397 δοκεῖ
2185 2356 2271 2398 δἀ-

290 2423 317 2455 2
348 2417 469 2459 Nemo
492 2415 562 2461 illo
585 2416 731 2459 minus.
763 2418 782 2470 ]
842 2411 1062 2459 Hastenus
1082 2406 1227 2471 depu-
1270 2407 1441 2473 mtvnpei
1453 2410 1575 2457 rina.
1638 2412 1698 2455 Et
1721 2407 1836 2456 addit
1863 2409 2009 2458 Suidas
2049 2425 2062 2455 ι
2104 2413 2160 2463 ὦς
2186 2413 2272 2460 τί·

223 2470 332 2519 blica
358 2473 443 2519 vita
474 2492 490 2531 3
542 2488 658 2523 nunc
687 2474 745 2521 de
775 2475 940 2537 privata
967 2490 980 2519 ε
1041 2487 1225 2536 quatum
1269 2491 1358 2522 των
1412 2472 1592 2522 vim-ur
1624 2474 1875 2526 δαπανηρῶν
1901 2471 2032 2525 ὄντων
2069 2473 2149 2521 καὶ
2175 2470 2294 2523 ixa-⁴

223 2534 297 2582 illa
326 2534 378 2583 ad
420 2539 651 2589 πολιτικὴν
675 2569 690 2592 ,
742 2539 832 2585 haec
863 2536 916 2584 ad
952 2534 1223 2598 οἰκονομικὴν
1266 2535 1449 2598 ζημίαν.
1478 2537 1678 2584 Gebhard.

218 2597 548 2662 Philosophiam
618 2601 819 2663 pertinet.
906 2601 1094 2649 Catonis
1165 2599 1229 2647 est
1329 2619 1362 2659 4
1420 2605 1604 2645 Domum
1627 2600 1760 2646 hahuit
1791 2601 1833 2647 in
1855 2598 1949 2647 colle
1973 2597 2200 2657 Quian-11.
2250 2608 2270 2662 ]
2311 2611 2316 2622 “

219 2674 487 2724 praeceptum
529 2696 545 2719 ,
604 2664 763 2727 magis‘
793 2662 1037 2712 vendacem
1090 2676 1231 2724 quam
1272 2658 1639 2724 Antiquiffimum
1667 2660 1794 2719 huius
1843 2661 1970 2709 collis
2002 2676 2168 2711 nomen
2203 2665 2278 2713 lo-

224 2737 425 2772 emacem
448 2739 659 2787 oportere
694 2722 782 2774 effe
819 2727 1052 2791 agricolam
1077 2726 1127 2774 &
1159 2740 1228 2789 pa·
1269 2726 1422 2788 quitur
1450 2723 1605 2773 foedus
1642 2725 1753 2773 inter
1790 2735 1912 2788 reges
1937 2727 2191 2774 Romulum
2223 2727 2276 2775 ἐς

221 2786 542 2835 tremfamilias.
587 2788 748 2837 Plinius
769 2788 1027 2839 lib.xv1n.
1076 2804 1163 2853 cap.
1185 2807 1226 2845 ς.
1271 2790 1452 2836 Tatium
1477 2788 1660 2845 initum,
1708 2786 1862 2852 pamm
1884 2787 1993 2848 apud
2027 2789 2277 2838 historicos,

222 2854 288 2899 Et
325 2851 492 2898 Cicero
529 2850 749 2912 paradoxo
781 2857 855 2901 vr.
908 2862 995 2903 Non
1021 2853 1093 2913 effe
1114 2871 1230 2902 ema·
1270 2853 1390 2897 Nam
1439 2848 1551 2898 fabia
1603 2853 1715 2899 inter
1765 2864 2003 2912 utrumque
2055 2853 2276 2914 populum

218 2931 331 2970 cem,
358 2915 535 2973 vestigat
551 2912 619 2974 est.
649 2914 817 2964 Schott.
1270 2912 1503 2961 concordia
1533 2928 1626 2962 non
1656 2914 1821 2961 domos
1858 2914 2000 2961 modo
2049 2916 2230 2977 privatas
2258 2946 2275 2971 ,

291 2992 311 3030 3
395 2979 540 3023 Mnus
595 2977 821 3034 aduficaror.
863 2985 882 3037 J
953 2977 1232 3042 Epigramma
1271 2973 1345 3023 sed
1367 2977 1416 3023 &
1446 2975 1557 3024 aedes
1586 2976 1712 3025 sacras
1738 2977 1833 3024 Diis
1856 2988 2105 3024 erexerunt.
2166 2977 2278 3024 Vide

224 3039 460 3095 Graecum,
486 3035 567 3087 lib.
598 3037 901 3101 Α’νθολογὶαςε
1273 3038 1582 3101 onuphrium,
1619 3041 1822 3093 Livium,
1852 3039 2142 3098 Eutropium,
2164 3039 2280 3087 Ovi-

292 3100 506 3160 Σάματιι
528 3102 685 3150 πολλοὶ
709 3105 898 3164 τρέφειν,
936 3100 1014 3152 καὶ
1030 3101 1234 3165 δώματα
1275 3101 1424 3156 dium,
1473 3104 1597 3151 alios,
1638 3109 1831 3165 lQuchen.
1864 3106 1912 3148 P.
1937 3097 2280 3149 victorialexta

356 3166 492 3213 πολλ’
510 3165 739 3226 ἀνεγείρειν
1276 3164 1455 3227 regione
1500 3166 1642 3214 statim
1681 3163 1776 3225 post
1817 3164 2040 3226 templum
2081 3163 2283 3225 Quirini,

295 3228 516 3289 Α’τρειπός
553 3229 599 3280 ie
637 3227 777 3278 mulin
807 3225 903 3279 ἱςὶν
929 3228 1231 3289 ἱτοιμστοίτκ.
1278 3230 1583 3276 collocat-edes
1602 3229 1743 3276 Amci
1775 3242 1790 3271 .-
1848 3230 1904 3272 Et
1928 3227 2091 3272 Cicero
2121 3241 2161 3274 1.
2224 3225 2285 3274 de

232 3287 362 3336 Idem.
422 3294 535 3338 Non
559 3290 705 3339 solum
727 3288 838 3339 boni
877 3291 1236 3347 Patresfamilias3
1279 3294 1389 3352 Leg.
1432 3291 1639 3353 idemque
1659 3297 1775 3350 juxta
1801 3289 1957 3336 Saturis
1981 3291 2075 3336 ades
2108 3287 2183 3336 lib.
2211 3304 2285 3337 ιν.

232 3346 314 3396 sed
347 3350 479 3401 etiam
546 3353 692 3402 uidam
736 3353 953 3417 Principes
994 3356 1050 3403 de
1103 3354 1234 3403 aedifi-
1283 3353 1407 3416 epist.
1432 3368 1474 3402 1.
1513 3355 1564 3400 &
1592 3352 1789 3401 lib.x11.
1819 3349 1943 3413 epist.
1966 3364 2063 3399 xiv.
2093 3351 2287 3400 vicinum

229 3408 360 3459 candi
381 3414 488 3463 luxu
509 3431 531 3461 a
589 3428 836 3465 orruerunt.
869 3421 1047 3468 Tacitus
1071 3417 1129 3466 de
1155 3420 1233 3465 ‘ri-
1286 3416 1499 3464 Caelarem
1523 3429 1648 3464 vocat
1671 3432 1687 3471 ς
1732 3412 1852 3472 cujus
1875 3413 2006 3461 statua
2044 3413 2091 3461 in
2114 3416 2293 3478 Qirinl

229 3472 360 3522 berio
385 3489 459 3524 vr.
490 3481 642 3527 Annal.
689 3486 815 3529 Tanto
843 3498 1033 3545 accepnus
1067 3487 1109 3529 in
1140 3486 1233 3528 vut—
1287 3481 1464 3542 templo
1500 3477 1672 3542 polita„
1695 3478 1816 3536 Dion
1853 3475 1926 3523 lib.
1968 3490 2128 3525 xrrrr.
2183 3483 2291 3542 Qio

219 3552 333 3598 gum
357 3570 372 3596 ,
461 3554 576 3588 nanto
606 3546 777 3590 modicus
803 3548 982 3604 privatis
1019 3545 1232 3606 adficerio—
1287 3542 1334 3589 in
1372 3545 1477 3591 loco
1521 3539 1635 3590 aedes
1669 3541 1820 3590 Salutis
1843 3573 1856 3597 ‚
1909 3540 2057 3589 Seium
2079 3548 2294 3604 angurium

227 3604 356 3651 mbas.
403 3603 566 3652 Pinius
591 3605 849 3669 Panegyrico
875 3623 1063 3672 cap.5r.
1107 3610 1231 3657 Idem.
1287 3604 1413 3655 dieta.
1445 3607 1593 3654 δώσει.
2177 3668 2216 3712 T

382 3691 389 3694 -
2119 3680 2141 3714 x
2211 3680 2300 3713 am·
2345 3707 2354 3726 ι
