<?xml version="1.0" encoding="UTF-8"?>
<!DOCTYPE html PUBLIC "-//W3C//DTD XHTML 1.0 Transitional//EN"
    "http://www.w3.org/TR/xhtml1/DTD/xhtml1-transitional.dtd">
<html xmlns="http://www.w3.org/1999/xhtml" xml:lang="en" lang="en">
 <head>
  <title>
</title>
<meta http-equiv="Content-Type" content="text/html;charset=utf-8" />
  <meta name='ocr-system' content='tesseract 3.04.00' />
  <meta name='ocr-capabilities' content='ocr_page ocr_carea ocr_par ocr_line ocrx_word'/>
</head>
<body>
  <div class='ocr_page' id='page_1' title='image "./vitaeexcellenti04nepogoog_0333.png"; bbox 0 0 2577 4292; ppageno 0'>
   <div class='ocr_carea' id='block_1_1' title="bbox 764 166 2299 271">
    <p class='ocr_par' dir='ltr' id='par_1_1' title="bbox 764 166 2299 271">
     <span class='ocr_line' id='line_1_1' title="bbox 764 166 2299 271; baseline 0.003 -35"><span class='ocrx_word' id='word_1_1' title='bbox 764 166 1749 256; x_wconf 42' lang='lat' dir='ltr'><strong>T1M0⁸LEoN.,XX.</strong></span> <span class='ocrx_word' id='word_1_2' title='bbox 2014 179 2019 184; x_wconf 76' lang='grc'><strong>“</strong></span> <span class='ocrx_word' id='word_1_3' title='bbox 2166 190 2299 271; x_wconf 86' lang='lat'><strong>295</strong></span> 
     </span>
    </p>
   </div>
   <div class='ocr_carea' id='block_1_2' title="bbox 233 295 2393 1793">
    <p class='ocr_par' dir='ltr' id='par_1_2' title="bbox 233 295 2393 1793">
     <span class='ocr_line' id='line_1_2' title="bbox 233 295 2297 393; baseline -0.001 -18"><span class='ocrx_word' id='word_1_4' title='bbox 233 304 277 375; x_wconf 85' lang='lat' dir='ltr'>s</span> <span class='ocrx_word' id='word_1_5' title='bbox 299 309 440 378; x_wconf 69' lang='lat' dir='ltr'><strong>estu</strong></span> <span class='ocrx_word' id='word_1_6' title='bbox 493 321 695 374; x_wconf 88' lang='lat' dir='ltr'><strong>morte</strong></span> <span class='ocrx_word' id='word_1_7' title='bbox 757 301 1068 371; x_wconf 85' lang='lat' dir='ltr'><strong>decedere.</strong></span> <span class='ocrx_word' id='word_1_8' title='bbox 1153 301 1410 378; x_wconf 81' lang='lat' dir='ltr'><strong>Interim</strong></span> <span class='ocrx_word' id='word_1_9' title='bbox 1472 300 1688 370; x_wconf 88' lang='lat' dir='ltr'><strong>Dione</strong></span> <span class='ocrx_word' id='word_1_10' title='bbox 1753 295 2050 393; x_wconf 79' lang='lat' dir='ltr'><strong>Syracusis</strong></span> <span class='ocrx_word' id='word_1_11' title='bbox 2112 300 2297 372; x_wconf 85' lang='lat' dir='ltr'><strong>inter-</strong></span> 
     </span>
     <span class='ocr_line' id='line_1_3' title="bbox 235 328 2299 488; baseline -0.002 -21"><span class='ocrx_word' id='word_1_12' title='bbox 235 328 404 467; x_wconf 58' lang='grc' dir='ltr'><strong>ίξᾶο</strong></span> <span class='ocrx_word' id='word_1_13' title='bbox 432 448 451 478; x_wconf 88' lang='grc'><strong><em>,</em></strong></span> <span class='ocrx_word' id='word_1_14' title='bbox 495 391 821 487; x_wconf 85' lang='lat' dir='ltr'><strong>Dionyfius</strong></span> <span class='ocrx_word' id='word_1_15' title='bbox 858 391 1051 464; x_wconf 87' lang='lat' dir='ltr'><strong>rursus</strong></span> <span class='ocrx_word' id='word_1_16' title='bbox 1095 408 1135 446; x_wconf 82' lang='lat'><strong>-1</strong></span> <span class='ocrx_word' id='word_1_17' title='bbox 1169 387 1583 485; x_wconf 81' lang='lat' dir='ltr'>Syracusarum</span> <span class='ocrx_word' id='word_1_18' title='bbox 1616 395 1853 488; x_wconf 85' lang='lat' dir='ltr'><strong>potitus</strong></span> <span class='ocrx_word' id='word_1_19' title='bbox 1903 394 2007 463; x_wconf 89' lang='lat' dir='ltr'><strong>est.</strong></span> <span class='ocrx_word' id='word_1_20' title='bbox 2098 393 2299 488; x_wconf 86' lang='lat' dir='ltr'><strong>Cujus</strong></span> 
     </span>
     <span class='ocr_line' id='line_1_4' title="bbox 239 484 2300 582; baseline -0.001 -23"><span class='ocrx_word' id='word_1_21' title='bbox 239 487 546 559; x_wconf 86' lang='lat' dir='ltr'><strong>adversarii</strong></span> <span class='ocrx_word' id='word_1_22' title='bbox 581 512 772 582; x_wconf 92' lang='lat' dir='ltr'><strong>opem</strong></span> <span class='ocrx_word' id='word_1_23' title='bbox 808 487 844 555; x_wconf 71' lang='lat' dir='ltr'><strong>a</strong></span> <span class='ocrx_word' id='word_1_24' title='bbox 880 484 1231 556; x_wconf 87' lang='lat' dir='ltr'><strong>Corinthiis</strong></span> <span class='ocrx_word' id='word_1_25' title='bbox 1279 490 1624 579; x_wconf 88' lang='lat' dir='ltr'><strong>petiverunt</strong></span> <span class='ocrx_word' id='word_1_26' title='bbox 1649 535 1668 564; x_wconf 91' lang='lat'>,</span> <span class='ocrx_word' id='word_1_27' title='bbox 1716 488 2067 581; x_wconf 88' lang='lat' dir='ltr'><strong>ducemque</strong></span> <span class='ocrx_word' id='word_1_28' title='bbox 2095 538 2117 568; x_wconf 89' lang='lat'>,</span> <span class='ocrx_word' id='word_1_29' title='bbox 2163 510 2300 581; x_wconf 88' lang='lat' dir='ltr'><strong>quo</strong></span> 
     </span>
     <span class='ocr_line' id='line_1_5' title="bbox 241 576 2302 674; baseline -0.001 -23"><span class='ocrx_word' id='word_1_30' title='bbox 241 587 309 652; x_wconf 91' lang='lat' dir='ltr'><strong>in</strong></span> <span class='ocrx_word' id='word_1_31' title='bbox 346 582 509 651; x_wconf 92' lang='lat' dir='ltr'><strong>bello</strong></span> <span class='ocrx_word' id='word_1_32' title='bbox 550 591 906 661; x_wconf 79' lang='lat' dir='ltr'><strong>uterentur,</strong></span> <span class='ocrx_word' id='word_1_33' title='bbox 974 576 1370 674; x_wconf 87' lang='lat' dir='ltr'><strong>postularunt.</strong></span> <span class='ocrx_word' id='word_1_34' title='bbox 1464 581 1610 647; x_wconf 89' lang='lat' dir='ltr'><strong>Huc</strong></span> <span class='ocrx_word' id='word_1_35' title='bbox 1659 580 2007 650; x_wconf 86' lang='lat' dir='ltr'><strong>Timoleon</strong></span> <span class='ocrx_word' id='word_1_36' title='bbox 2044 580 2252 649; x_wconf 86' lang='lat' dir='ltr'><strong>missus</strong></span> <span class='ocrx_word' id='word_1_37' title='bbox 2278 633 2302 661; x_wconf 87' lang='lat'><strong>,</strong></span> 
     </span>
     <span class='ocr_line' id='line_1_6' title="bbox 242 667 2303 768; baseline -0 -24"><span class='ocrx_word' id='word_1_38' title='bbox 242 673 577 744; x_wconf 82' lang='lat' dir='ltr'><strong>incredibili</strong></span> <span class='ocrx_word' id='word_1_39' title='bbox 616 673 900 744; x_wconf 88' lang='lat' dir='ltr'><strong>felicitate</strong></span> <span class='ocrx_word' id='word_1_40' title='bbox 935 667 1307 764; x_wconf 87' lang='lat' dir='ltr'><strong>Dionyfium</strong></span> <span class='ocrx_word' id='word_1_41' title='bbox 1343 692 1476 740; x_wconf 90' lang='lat' dir='ltr'><strong>tota</strong></span> <span class='ocrx_word' id='word_1_42' title='bbox 1513 668 1713 740; x_wconf 84' lang='lat' dir='ltr'>Sicilia</span> <span class='ocrx_word' id='word_1_43' title='bbox 1738 672 1985 767; x_wconf 86' lang='lat' dir='ltr'><strong>depulit.</strong></span> <span class='ocrx_word' id='word_1_44' title='bbox 2077 677 2303 768; x_wconf 75' lang='lat' dir='ltr'><strong>Qrum</strong></span> 
     </span>
     <span class='ocr_line' id='line_1_7' title="bbox 242 763 2393 861; baseline -0 -24"><span class='ocrx_word' id='word_1_45' title='bbox 242 763 578 838; x_wconf 89' lang='lat' dir='ltr'><strong>interficere</strong></span> <span class='ocrx_word' id='word_1_46' title='bbox 615 766 852 860; x_wconf 76' lang='lat' dir='ltr'><strong>posset,</strong></span> <span class='ocrx_word' id='word_1_47' title='bbox 913 766 1153 843; x_wconf 88' lang='lat' dir='ltr'><strong>noluit,</strong></span> <span class='ocrx_word' id='word_1_48' title='bbox 1215 781 1240 812; x_wconf 88' lang='lat'>2</span> <span class='ocrx_word' id='word_1_49' title='bbox 1273 786 1537 858; x_wconf 89' lang='lat' dir='ltr'><strong>tutoque</strong></span> <span class='ocrx_word' id='word_1_50' title='bbox 1563 815 1582 844; x_wconf 90' lang='lat'>,</span> <span class='ocrx_word' id='word_1_51' title='bbox 1639 785 1709 832; x_wconf 93' lang='lat' dir='ltr'><strong>ut</strong></span> <span class='ocrx_word' id='word_1_52' title='bbox 1746 767 2128 837; x_wconf 85' lang='lat' dir='ltr'><strong>Corinthum</strong></span> <span class='ocrx_word' id='word_1_53' title='bbox 2169 790 2304 861; x_wconf 87' lang='lat' dir='ltr'><strong>per-</strong></span> <span class='ocrx_word' id='word_1_54' title='bbox 2390 815 2393 818; x_wconf 56' lang='lat'><strong>&gt;</strong></span> 
     </span>
     <span class='ocr_line' id='line_1_8' title="bbox 240 855 2305 954; baseline 0 -25"><span class='ocrx_word' id='word_1_55' title='bbox 240 864 478 929; x_wconf 89' lang='lat' dir='ltr'><strong>veniret</strong></span> <span class='ocrx_word' id='word_1_56' title='bbox 505 911 524 940; x_wconf 88' lang='lat'>‚</span> <span class='ocrx_word' id='word_1_57' title='bbox 592 859 795 929; x_wconf 79' lang='lat' dir='ltr'><strong>effecit</strong></span> <span class='ocrx_word' id='word_1_58' title='bbox 819 910 840 939; x_wconf 88' lang='lat'>‚</span> <span class='ocrx_word' id='word_1_59' title='bbox 900 861 1073 952; x_wconf 93' lang='lat' dir='ltr'><strong>quod</strong></span> <span class='ocrx_word' id='word_1_60' title='bbox 1122 879 1525 953; x_wconf 86' lang='lat' dir='ltr'><strong>utrorumque</strong></span> <span class='ocrx_word' id='word_1_61' title='bbox 1562 855 2010 952; x_wconf 80' lang='lat' dir='ltr'><strong>Dionysiorum</strong></span> <span class='ocrx_word' id='word_1_62' title='bbox 2078 860 2305 954; x_wconf 83' lang='lat' dir='ltr'><strong>opibus</strong></span> 
     </span>
     <span class='ocr_line' id='line_1_9' title="bbox 241 950 2307 1048; baseline 0 -26"><span class='ocrx_word' id='word_1_63' title='bbox 241 954 563 1023; x_wconf 88' lang='lat' dir='ltr'><strong>Corinthii</strong></span> <span class='ocrx_word' id='word_1_64' title='bbox 610 951 762 1048; x_wconf 79' lang='lat' dir='ltr'><strong>saepe</strong></span> <span class='ocrx_word' id='word_1_65' title='bbox 807 953 995 1045; x_wconf 87' lang='lat' dir='ltr'><strong>adjuti</strong></span> <span class='ocrx_word' id='word_1_66' title='bbox 1044 951 1303 1023; x_wconf 89' lang='lat' dir='ltr'><strong>fuerant.</strong></span> <span class='ocrx_word' id='word_1_67' title='bbox 1395 954 1592 1045; x_wconf 87' lang='lat' dir='ltr'><strong>Cujus</strong></span> <span class='ocrx_word' id='word_1_68' title='bbox 1630 950 2027 1048; x_wconf 78' lang='lat' dir='ltr'><strong>benignitatis</strong></span> <span class='ocrx_word' id='word_1_69' title='bbox 2062 977 2307 1023; x_wconf 91' lang='lat' dir='ltr'><strong>memo-</strong></span> 
     </span>
     <span class='ocr_line' id='line_1_10' title="bbox 242 1041 2307 1142; baseline 0 -27"><span class='ocrx_word' id='word_1_70' title='bbox 242 1050 401 1116; x_wconf 84' lang='lat' dir='ltr'><strong>riam</strong></span> <span class='ocrx_word' id='word_1_71' title='bbox 439 1044 688 1115; x_wconf 89' lang='lat' dir='ltr'><strong>volebat</strong></span> <span class='ocrx_word' id='word_1_72' title='bbox 736 1046 965 1116; x_wconf 87' lang='lat' dir='ltr'><strong>exstare</strong></span> <span class='ocrx_word' id='word_1_73' title='bbox 990 1096 1011 1125; x_wconf 90' lang='lat'>,</span> <span class='ocrx_word' id='word_1_74' title='bbox 1071 1064 1091 1103; x_wconf 82' lang='lat'><em>³</em></span> <span class='ocrx_word' id='word_1_75' title='bbox 1130 1068 1394 1142; x_wconf 86' lang='lat' dir='ltr'><strong>eamque</strong></span> <span class='ocrx_word' id='word_1_76' title='bbox 1432 1041 1781 1140; x_wconf 67' lang='lat' dir='ltr'><strong>praeclaram</strong></span> <span class='ocrx_word' id='word_1_77' title='bbox 1832 1048 2160 1115; x_wconf 65' lang='lat' dir='ltr'><strong>viotoriam</strong></span> <span class='ocrx_word' id='word_1_78' title='bbox 2197 1047 2307 1115; x_wconf 87' lang='lat' dir='ltr'><strong>clu-</strong></span> 
     </span>
     <span class='ocr_line' id='line_1_11' title="bbox 245 1129 2312 1233; baseline 0 -25"><span class='ocrx_word' id='word_1_79' title='bbox 245 1138 426 1208; x_wconf 90' lang='lat' dir='ltr'><strong>cebat</strong></span> <span class='ocrx_word' id='word_1_80' title='bbox 451 1190 470 1219; x_wconf 89' lang='lat'>,</span> <span class='ocrx_word' id='word_1_81' title='bbox 529 1142 594 1206; x_wconf 89' lang='lat' dir='ltr'><strong>in</strong></span> <span class='ocrx_word' id='word_1_82' title='bbox 631 1162 752 1231; x_wconf 88' lang='lat' dir='ltr'><strong>qua</strong></span> <span class='ocrx_word' id='word_1_83' title='bbox 788 1138 924 1232; x_wconf 87' lang='lat' dir='ltr'><strong>plus</strong></span> <span class='ocrx_word' id='word_1_84' title='bbox 964 1134 1107 1209; x_wconf 83' lang='lat' dir='ltr'><strong>effer</strong></span> <span class='ocrx_word' id='word_1_85' title='bbox 1131 1138 1472 1208; x_wconf 87' lang='lat' dir='ltr'><strong>clementiae</strong></span> <span class='ocrx_word' id='word_1_86' title='bbox 1496 1162 1686 1233; x_wconf 88' lang='lat' dir='ltr'><strong>quam</strong></span> <span class='ocrx_word' id='word_1_87' title='bbox 1713 1129 2098 1209; x_wconf 73' lang='lat' dir='ltr'><strong>crudelitatis,</strong></span> <span class='ocrx_word' id='word_1_88' title='bbox 2188 1139 2312 1208; x_wconf 87' lang='lat' dir='ltr'><strong>Po-</strong></span> 
     </span>
     <span class='ocr_line' id='line_1_12' title="bbox 239 1228 2337 1326; baseline -0 -26"><span class='ocrx_word' id='word_1_89' title='bbox 239 1233 504 1311; x_wconf 87' lang='lat' dir='ltr'><strong>stremo,</strong></span> <span class='ocrx_word' id='word_1_90' title='bbox 549 1253 619 1298; x_wconf 89' lang='lat' dir='ltr'><strong>ut</strong></span> <span class='ocrx_word' id='word_1_91' title='bbox 653 1256 788 1300; x_wconf 91' lang='lat' dir='ltr'><strong>non</strong></span> <span class='ocrx_word' id='word_1_92' title='bbox 822 1228 1022 1301; x_wconf 89' lang='lat' dir='ltr'><strong>solum</strong></span> <span class='ocrx_word' id='word_1_93' title='bbox 1060 1232 1304 1301; x_wconf 84' lang='lat' dir='ltr'><strong>auribus</strong></span> <span class='ocrx_word' id='word_1_94' title='bbox 1340 1236 1706 1326; x_wconf 88' lang='lat' dir='ltr'><strong>acciperetur</strong></span> <span class='ocrx_word' id='word_1_95' title='bbox 1727 1283 1747 1312; x_wconf 87' lang='lat'><strong>,</strong></span> <span class='ocrx_word' id='word_1_96' title='bbox 1796 1230 1897 1300; x_wconf 74' lang='lat' dir='ltr'><strong>sed</strong></span> <span class='ocrx_word' id='word_1_97' title='bbox 1935 1234 2121 1301; x_wconf 87' lang='lat' dir='ltr'><strong>etiam</strong></span> <span class='ocrx_word' id='word_1_98' title='bbox 2161 1243 2337 1300; x_wconf 78' lang='lat' dir='ltr'><strong>ocu-⁷</strong></span> 
     </span>
     <span class='ocr_line' id='line_1_13' title="bbox 240 1323 2313 1419; baseline 0.001 -28"><span class='ocrx_word' id='word_1_99' title='bbox 240 1323 316 1393; x_wconf 88' lang='lat' dir='ltr'><strong>lis</strong></span> <span class='ocrx_word' id='word_1_100' title='bbox 345 1344 691 1393; x_wconf 88' lang='lat' dir='ltr'><strong>cerneretur</strong></span> <span class='ocrx_word' id='word_1_101' title='bbox 713 1374 733 1403; x_wconf 83' lang='lat'>,</span> <span class='ocrx_word' id='word_1_102' title='bbox 777 1348 1001 1417; x_wconf 89' lang='lat' dir='ltr'><strong>quem,</strong></span> <span class='ocrx_word' id='word_1_103' title='bbox 1048 1329 1115 1392; x_wconf 74' lang='grc' dir='ltr'><strong>δε</strong></span> <span class='ocrx_word' id='word_1_104' title='bbox 1151 1349 1232 1393; x_wconf 87' lang='lat' dir='ltr'><strong>ex</strong></span> <span class='ocrx_word' id='word_1_105' title='bbox 1315 1348 1506 1394; x_wconf 90' lang='lat' dir='ltr'><strong>uanto</strong></span> <span class='ocrx_word' id='word_1_106' title='bbox 1542 1333 1739 1417; x_wconf 85' lang='lat' dir='ltr'><strong>regno</strong></span> <span class='ocrx_word' id='word_1_107' title='bbox 1777 1326 1852 1396; x_wconf 94' lang='lat' dir='ltr'><strong>ad</strong></span> <span class='ocrx_word' id='word_1_108' title='bbox 1889 1349 2080 1419; x_wconf 90' lang='lat' dir='ltr'><strong>quam</strong></span> <span class='ocrx_word' id='word_1_109' title='bbox 2118 1323 2313 1394; x_wconf 84' lang='lat' dir='ltr'><strong>fortu-</strong></span> 
     </span>
     <span class='ocr_line' id='line_1_14' title="bbox 237 1350 2318 1511; baseline 0.002 -26"><span class='ocrx_word' id='word_1_110' title='bbox 237 1442 391 1487; x_wconf 87' lang='lat' dir='ltr'><strong>nam</strong></span> <span class='ocrx_word' id='word_1_111' title='bbox 435 1413 841 1486; x_wconf 48' lang='lat' dir='ltr'><strong>feletrufiffet.</strong></span> <span class='ocrx_word' id='word_1_112' title='bbox 895 1416 1041 1487; x_wconf 87' lang='lat' dir='ltr'><strong>Post</strong></span> <span class='ocrx_word' id='word_1_113' title='bbox 1061 1350 1344 1511; x_wconf 45' lang='lat' dir='ltr'><strong>Dionyzi</strong></span> <span class='ocrx_word' id='word_1_114' title='bbox 1379 1414 1717 1497; x_wconf 81' lang='lat' dir='ltr'><strong>deceffmn,</strong></span> <span class='ocrx_word' id='word_1_115' title='bbox 1766 1436 1789 1477; x_wconf 83' lang='lat'>5</span> <span class='ocrx_word' id='word_1_116' title='bbox 1825 1443 1971 1487; x_wconf 89' lang='lat' dir='ltr'><strong>cum</strong></span> <span class='ocrx_word' id='word_1_117' title='bbox 1996 1423 2158 1488; x_wconf 84' lang='lat' dir='ltr'><strong>Iceta</strong></span> <span class='ocrx_word' id='word_1_118' title='bbox 2186 1415 2318 1489; x_wconf 87' lang='lat' dir='ltr'><strong>bel-</strong></span> 
     </span>
     <span class='ocr_line' id='line_1_15' title="bbox 240 1499 2318 1604; baseline 0 -25"><span class='ocrx_word' id='word_1_119' title='bbox 240 1512 391 1581; x_wconf 86' lang='lat' dir='ltr'><strong>lavit</strong></span> <span class='ocrx_word' id='word_1_120' title='bbox 417 1561 437 1590; x_wconf 87' lang='lat'><strong>,</strong></span> <span class='ocrx_word' id='word_1_121' title='bbox 477 1513 602 1604; x_wconf 86' lang='lat' dir='ltr'><strong>qui.</strong></span> <span class='ocrx_word' id='word_1_122' title='bbox 634 1511 982 1580; x_wconf 75' lang='lat' dir='ltr'><strong>adverlatus·</strong></span> <span class='ocrx_word' id='word_1_123' title='bbox 1005 1508 1196 1581; x_wconf 72' lang='lat' dir='ltr'><strong>fiierat</strong></span> <span class='ocrx_word' id='word_1_124' title='bbox 1232 1499 1540 1603; x_wconf 61' lang='lat' dir='ltr'><strong>Dionjfio</strong></span> <span class='ocrx_word' id='word_1_125' title='bbox 1563 1561 1585 1591; x_wconf 88' lang='lat'>‚</span> <span class='ocrx_word' id='word_1_126' title='bbox 1648 1535 1839 1603; x_wconf 90' lang='lat' dir='ltr'><strong>quem</strong></span> <span class='ocrx_word' id='word_1_127' title='bbox 1878 1537 2013 1580; x_wconf 87' lang='lat' dir='ltr'><strong>non</strong></span> <span class='ocrx_word' id='word_1_128' title='bbox 2051 1512 2202 1580; x_wconf 91' lang='lat' dir='ltr'><strong>odio</strong></span> <span class='ocrx_word' id='word_1_129' title='bbox 2228 1533 2252 1580; x_wconf 92' lang='lat' dir='ltr'><strong>t</strong></span> <span class='ocrx_word' id='word_1_130' title='bbox 2290 1555 2318 1566; x_wconf 87' lang='lat'>-</span> 
     </span>
     <span class='ocr_line' id='line_1_16' title="bbox 245 1536 2318 1698; baseline 0.001 -26"><span class='ocrx_word' id='word_1_131' title='bbox 245 1604 518 1673; x_wconf 87' lang='lat' dir='ltr'><strong>rannidis</strong></span> <span class='ocrx_word' id='word_1_132' title='bbox 559 1599 875 1672; x_wconf 83' lang='lat' dir='ltr'><strong>dissenfiffe</strong></span> <span class='ocrx_word' id='word_1_133' title='bbox 903 1655 923 1684; x_wconf 87' lang='lat'>‚</span> <span class='ocrx_word' id='word_1_134' title='bbox 959 1602 1077 1672; x_wconf 80' lang='lat' dir='ltr'><strong>sed</strong></span> <span class='ocrx_word' id='word_1_135' title='bbox 1101 1607 1466 1698; x_wconf 86' lang='lat' dir='ltr'><strong>cupiditate,</strong></span> <span class='ocrx_word' id='word_1_136' title='bbox 1512 1606 1742 1673; x_wconf 87' lang='lat' dir='ltr'><strong>indicio</strong></span> <span class='ocrx_word' id='word_1_137' title='bbox 1771 1602 1917 1684; x_wconf 87' lang='lat' dir='ltr'><strong>fuit,</strong></span> <span class='ocrx_word' id='word_1_138' title='bbox 1962 1605 2136 1698; x_wconf 92' lang='lat' dir='ltr'><strong>quod</strong></span> <span class='ocrx_word' id='word_1_139' title='bbox 2163 1536 2318 1698; x_wconf 52' lang='lat' dir='ltr'><strong>iplg,</strong></span> 
     </span>
     <span class='ocr_line' id='line_1_17' title="bbox 244 1692 2322 1793; baseline -0 -27"><span class='ocrx_word' id='word_1_140' title='bbox 244 1692 500 1793; x_wconf 84' lang='lat' dir='ltr'><strong>expulso</strong></span> <span class='ocrx_word' id='word_1_141' title='bbox 537 1692 844 1789; x_wconf 80' lang='lat' dir='ltr'><strong>Dionysio</strong></span> <span class='ocrx_word' id='word_1_142' title='bbox 870 1747 891 1776; x_wconf 90' lang='lat'>,</span> <span class='ocrx_word' id='word_1_143' title='bbox 940 1700 1271 1791; x_wconf 90' lang='lat' dir='ltr'><strong>imperium</strong></span> <span class='ocrx_word' id='word_1_144' title='bbox 1310 1701 1619 1768; x_wconf 89' lang='lat' dir='ltr'><strong>dimittere</strong></span> <span class='ocrx_word' id='word_1_145' title='bbox 1667 1695 1886 1768; x_wconf 87' lang='lat' dir='ltr'><strong>noluit.</strong></span> <span class='ocrx_word' id='word_1_146' title='bbox 1978 1707 2006 1745; x_wconf 87' lang='lat'><strong>⁶</strong></span> <span class='ocrx_word' id='word_1_147' title='bbox 2037 1700 2188 1766; x_wconf 87' lang='lat' dir='ltr'><strong>Hoc</strong></span> <span class='ocrx_word' id='word_1_148' title='bbox 2229 1693 2322 1765; x_wconf 86' lang='lat' dir='ltr'><strong>su-</strong></span> 
     </span>
    </p>
   </div>
   <div class='ocr_carea' id='block_1_3' title="bbox 2215 1812 2423 1892">
    <p class='ocr_par' dir='ltr' id='par_1_3' title="bbox 2215 1812 2423 1892">
     <span class='ocr_line' id='line_1_18' title="bbox 2215 1812 2423 1892; baseline 0 -9"><span class='ocrx_word' id='word_1_149' title='bbox 2215 1812 2323 1883; x_wconf 63' lang='lat' dir='ltr'><strong>PC·</strong></span> <span class='ocrx_word' id='word_1_150' title='bbox 2422 1885 2423 1892; x_wconf 7' lang='grc' dir='ltr'>χ</span> 
     </span>
    </p>
   </div>
   <div class='ocr_carea' id='block_1_4' title="bbox 240 1931 2348 2097">
    <p class='ocr_par' dir='ltr' id='par_1_4' title="bbox 240 1931 2348 2097">
     <span class='ocr_line' id='line_1_19' title="bbox 240 1931 2348 2028; baseline 0.006 -29"><span class='ocrx_word' id='word_1_151' title='bbox 240 1950 537 2028; x_wconf 57' lang='lat' dir='ltr'><strong>abiconscius</strong></span> <span class='ocrx_word' id='word_1_152' title='bbox 559 1959 865 2011; x_wconf 69' lang='lat' dir='ltr'><strong>absurdiffimo</strong></span> <span class='ocrx_word' id='word_1_153' title='bbox 876 1961 1139 2011; x_wconf 52' lang='lat' dir='ltr'><strong>munt-rcum</strong></span> <span class='ocrx_word' id='word_1_154' title='bbox 1154 1960 1257 2020; x_wconf 54' lang='lat' dir='ltr'><strong>jud}</strong></span> <span class='ocrx_word' id='word_1_155' title='bbox 1367 1979 1413 2016; x_wconf 80' lang='lat'><strong>4.</strong></span> <span class='ocrx_word' id='word_1_156' title='bbox 1444 1961 1728 2022; x_wconf 57' lang='lat' dir='ltr'><strong>Dmssffem</strong></span> <span class='ocrx_word' id='word_1_157' title='bbox 1817 1962 2031 2022; x_wconf 60' lang='lat' dir='ltr'><strong>oerum</strong></span> <span class='ocrx_word' id='word_1_158' title='bbox 2061 1960 2228 2011; x_wconf 73' lang='lat' dir='ltr'><strong>vetusta</strong></span> <span class='ocrx_word' id='word_1_159' title='bbox 2262 1931 2348 2012; x_wconf 75' lang='lat' dir='ltr'><strong>ie-‘&#39;</strong></span> 
     </span>
     <span class='ocr_line' id='line_1_20' title="bbox 243 2023 2073 2097; baseline 0.003 -31"><span class='ocrx_word' id='word_1_160' title='bbox 243 2029 320 2066; x_wconf 75' lang='lat' dir='ltr'><strong>cro</strong></span> <span class='ocrx_word' id='word_1_161' title='bbox 367 2031 595 2097; x_wconf 64' lang='lat' dir='ltr'><strong>tantopere</strong></span> <span class='ocrx_word' id='word_1_162' title='bbox 648 2023 991 2076; x_wconf 83' lang='lat' dir='ltr'><strong>conturbaretur.</strong></span> <span class='ocrx_word' id='word_1_163' title='bbox 1057 2029 1254 2078; x_wconf 65' lang='lat' dir='ltr'><strong>Gebhard.</strong></span> <span class='ocrx_word' id='word_1_164' title='bbox 1308 2023 1402 2071; x_wconf 66' lang='lat' dir='ltr'><strong>&amp;io</strong></span> <span class='ocrx_word' id='word_1_165' title='bbox 1426 2024 1508 2072; x_wconf 89' lang='lat' dir='ltr'><strong>est.</strong></span> <span class='ocrx_word' id='word_1_166' title='bbox 1534 2024 1733 2085; x_wconf 74' lang='lat' dir='ltr'><strong>depuliffct</strong></span> <span class='ocrx_word' id='word_1_167' title='bbox 1757 2024 1908 2082; x_wconf 82' lang='lat' dir='ltr'><strong>Vltraj.</strong></span> <span class='ocrx_word' id='word_1_168' title='bbox 1923 2028 2073 2072; x_wconf 80' lang='lat' dir='ltr'><strong>Schm.</strong></span> 
     </span>
    </p>
   </div>
   <div class='ocr_carea' id='block_1_5' title="bbox 243 2083 2399 2274">
    <p class='ocr_par' dir='ltr' id='par_1_5' title="bbox 243 2083 2399 2274">
     <span class='ocr_line' id='line_1_21' title="bbox 243 2083 2331 2151; baseline 0.001 -19"><span class='ocrx_word' id='word_1_169' title='bbox 243 2087 441 2144; x_wconf 75' lang='lat' dir='ltr'><strong>Eratque</strong></span> <span class='ocrx_word' id='word_1_170' title='bbox 463 2087 550 2151; x_wconf 77' lang='lat' dir='ltr'><strong>hoc</strong></span> <span class='ocrx_word' id='word_1_171' title='bbox 582 2088 834 2135; x_wconf 85' lang='lat' dir='ltr'><strong>Stoicorum</strong></span> <span class='ocrx_word' id='word_1_172' title='bbox 874 2086 1118 2137; x_wconf 83' lang='lat' dir='ltr'><strong>artificium.</strong></span> <span class='ocrx_word' id='word_1_173' title='bbox 1184 2088 1254 2135; x_wconf 87' lang='lat' dir='ltr'><strong>Vi·</strong></span> <span class='ocrx_word' id='word_1_174' title='bbox 1373 2102 1415 2143; x_wconf 84' lang='lat'><strong>5.</strong></span> <span class='ocrx_word' id='word_1_175' title='bbox 1450 2093 1548 2133; x_wconf 86' lang='lat' dir='ltr'><strong>Cum</strong></span> <span class='ocrx_word' id='word_1_176' title='bbox 1594 2093 1700 2132; x_wconf 78' lang='lat' dir='ltr'><strong>lceta</strong></span> <span class='ocrx_word' id='word_1_177' title='bbox 1752 2086 1953 2145; x_wconf 56' lang='lat' dir='ltr'><strong>batavia]</strong></span> <span class='ocrx_word' id='word_1_178' title='bbox 2012 2088 2137 2133; x_wconf 85' lang='lat' dir='ltr'><strong>Cum</strong></span> <span class='ocrx_word' id='word_1_179' title='bbox 2179 2083 2331 2149; x_wconf 86' lang='lat' dir='ltr'><strong>spiritu</strong></span> 
     </span>
     <span class='ocr_line' id='line_1_22' title="bbox 243 2143 2332 2208; baseline 0.003 -18"><span class='ocrx_word' id='word_1_180' title='bbox 243 2143 308 2191; x_wconf 88' lang='lat' dir='ltr'><strong>de</strong></span> <span class='ocrx_word' id='word_1_181' title='bbox 331 2148 537 2208; x_wconf 79' lang='lat' dir='ltr'><strong>Ernstmm</strong></span> <span class='ocrx_word' id='word_1_182' title='bbox 565 2187 582 2203; x_wconf 85' lang='lat'>,</span> <span class='ocrx_word' id='word_1_183' title='bbox 645 2153 691 2199; x_wconf 90' lang='lat' dir='ltr'><strong>in</strong></span> <span class='ocrx_word' id='word_1_184' title='bbox 717 2150 1054 2199; x_wconf 70' lang='lat' dir='ltr'><strong>Introduffione</strong></span> <span class='ocrx_word' id='word_1_185' title='bbox 1087 2149 1139 2199; x_wconf 91' lang='lat' dir='ltr'><strong>ad</strong></span> <span class='ocrx_word' id='word_1_186' title='bbox 1183 2144 1258 2199; x_wconf 89' lang='lat' dir='ltr'><strong>ve-&#39;</strong></span> <span class='ocrx_word' id='word_1_187' title='bbox 1314 2153 1497 2197; x_wconf 78' lang='lat' dir='ltr'><strong>Hiceram</strong></span> <span class='ocrx_word' id='word_1_188' title='bbox 1534 2149 1578 2197; x_wconf 88' lang='lat' dir='ltr'><strong>in</strong></span> <span class='ocrx_word' id='word_1_189' title='bbox 1621 2145 1831 2197; x_wconf 87' lang='lat' dir='ltr'><strong>Diodoro</strong></span> <span class='ocrx_word' id='word_1_190' title='bbox 1878 2148 1929 2195; x_wconf 84' lang='lat'>&amp;</span> <span class='ocrx_word' id='word_1_191' title='bbox 1967 2148 2178 2196; x_wconf 87' lang='lat' dir='ltr'><strong>Gemisto</strong></span> <span class='ocrx_word' id='word_1_192' title='bbox 2231 2151 2332 2196; x_wconf 82' lang='lat' dir='ltr'><strong>Ple-</strong></span> 
     </span>
     <span class='ocr_line' id='line_1_23' title="bbox 246 2208 2399 2274; baseline 0.002 -19"><span class='ocrx_word' id='word_1_193' title='bbox 246 2218 351 2259; x_wconf 76' lang='lat' dir='ltr'><strong>ram</strong></span> <span class='ocrx_word' id='word_1_194' title='bbox 373 2212 522 2259; x_wconf 85' lang='lat' dir='ltr'><strong>viram.</strong></span> <span class='ocrx_word' id='word_1_195' title='bbox 554 2227 647 2274; x_wconf 82' lang='lat' dir='ltr'><strong>cap.</strong></span> <span class='ocrx_word' id='word_1_196' title='bbox 669 2230 746 2263; x_wconf 85' lang='lat'><strong>22.</strong></span> <span class='ocrx_word' id='word_1_197' title='bbox 1312 2211 1454 2260; x_wconf 84' lang='lat' dir='ltr'><strong>thone</strong></span> <span class='ocrx_word' id='word_1_198' title='bbox 1488 2212 1633 2260; x_wconf 86' lang='lat' dir='ltr'><strong>editur</strong></span> <span class='ocrx_word' id='word_1_199' title='bbox 1662 2228 1674 2256; x_wconf 80' lang='lat' dir='ltr'><strong><em>z</em></strong></span> <span class='ocrx_word' id='word_1_200' title='bbox 1724 2208 1991 2260; x_wconf 68' lang='lat' dir='ltr'><strong>membrana</strong></span> <span class='ocrx_word' id='word_1_201' title='bbox 2032 2214 2157 2261; x_wconf 87' lang='lat' dir='ltr'><strong>enim</strong></span> <span class='ocrx_word' id='word_1_202' title='bbox 2202 2216 2332 2259; x_wconf 73' lang='lat' dir='ltr'><strong>Heca·</strong></span> <span class='ocrx_word' id='word_1_203' title='bbox 2395 2252 2399 2259; x_wconf 78' lang='grc'><strong>.</strong></span> 
     </span>
    </p>
   </div>
   <div class='ocr_carea' id='block_1_6' title="bbox 205 2262 2393 3707">
    <p class='ocr_par' dir='ltr' id='par_1_6' title="bbox 252 2262 2369 2509">
     <span class='ocr_line' id='line_1_24' title="bbox 320 2262 2369 2337; baseline 0.001 -20"><span class='ocrx_word' id='word_1_204' title='bbox 320 2285 341 2318; x_wconf 85' lang='lat' dir='ltr'>x</span> <span class='ocrx_word' id='word_1_205' title='bbox 399 2274 692 2333; x_wconf 76' lang='lat' dir='ltr'><strong>Syracusarum</strong></span> <span class='ocrx_word' id='word_1_206' title='bbox 716 2278 861 2336; x_wconf 74' lang='lat' dir='ltr'><strong>potitus</strong></span> <span class='ocrx_word' id='word_1_207' title='bbox 884 2275 949 2326; x_wconf 63' lang='lat' dir='ltr'><strong>esi.</strong></span> <span class='ocrx_word' id='word_1_208' title='bbox 980 2281 999 2332; x_wconf 94' lang='lat'>]</span> <span class='ocrx_word' id='word_1_209' title='bbox 1037 2279 1101 2321; x_wconf 80' lang='lat' dir='ltr'><strong>Ita</strong></span> <span class='ocrx_word' id='word_1_210' title='bbox 1116 2287 1263 2322; x_wconf 88' lang='lat' dir='ltr'><strong>tamen</strong></span> <span class='ocrx_word' id='word_1_211' title='bbox 1287 2262 1401 2319; x_wconf 75' lang='lat' dir='ltr'><strong>ltam</strong></span> <span class='ocrx_word' id='word_1_212' title='bbox 1441 2273 1678 2337; x_wconf 79' lang='lat' dir='ltr'><strong>praeferunt</strong></span> <span class='ocrx_word' id='word_1_213' title='bbox 1705 2307 1721 2328; x_wconf 87' lang='lat'>,</span> <span class='ocrx_word' id='word_1_214' title='bbox 1775 2271 2005 2335; x_wconf 83' lang='lat' dir='ltr'><strong>depravate</strong></span> <span class='ocrx_word' id='word_1_215' title='bbox 2052 2285 2103 2320; x_wconf 88' lang='lat' dir='ltr'><strong>ut</strong></span> <span class='ocrx_word' id='word_1_216' title='bbox 2150 2274 2329 2334; x_wconf 87' lang='lat' dir='ltr'><strong>opinor.</strong></span> <span class='ocrx_word' id='word_1_217' title='bbox 2348 2270 2369 2291; x_wconf 72' lang='lat'>⁸</span> 
     </span>
     <span class='ocr_line' id='line_1_25' title="bbox 252 2334 2334 2395; baseline 0.002 -15"><span class='ocrx_word' id='word_1_218' title='bbox 252 2344 311 2380; x_wconf 87' lang='lat' dir='ltr'><strong>ut</strong></span> <span class='ocrx_word' id='word_1_219' title='bbox 347 2335 461 2379; x_wconf 89' lang='lat' dir='ltr'><strong>Iceta</strong></span> <span class='ocrx_word' id='word_1_220' title='bbox 498 2348 701 2395; x_wconf 85' lang='lat' dir='ltr'><strong>tyrannus</strong></span> <span class='ocrx_word' id='word_1_221' title='bbox 746 2335 1008 2383; x_wconf 83' lang='lat' dir='ltr'><strong>Acradinam</strong></span> <span class='ocrx_word' id='word_1_222' title='bbox 1059 2337 1108 2382; x_wconf 85' lang='lat'>&amp;</span> <span class='ocrx_word' id='word_1_223' title='bbox 1148 2341 1264 2384; x_wconf 88' lang='lat' dir='ltr'><strong>Nea-</strong></span> <span class='ocrx_word' id='word_1_224' title='bbox 1317 2337 1446 2384; x_wconf 78' lang='lat' dir='ltr'><strong>Idem.</strong></span> <span class='ocrx_word' id='word_1_225' title='bbox 1508 2341 1616 2384; x_wconf 83' lang='lat' dir='ltr'><strong>Erat</strong></span> <span class='ocrx_word' id='word_1_226' title='bbox 1650 2334 1721 2383; x_wconf 86' lang='lat' dir='ltr'><strong>hic</strong></span> <span class='ocrx_word' id='word_1_227' title='bbox 1748 2349 1859 2383; x_wconf 87' lang='lat' dir='ltr'><strong>unus</strong></span> <span class='ocrx_word' id='word_1_228' title='bbox 1881 2351 1941 2385; x_wconf 81' lang='lat' dir='ltr'><strong>ex</strong></span> <span class='ocrx_word' id='word_1_229' title='bbox 1979 2337 2130 2383; x_wconf 85' lang='lat' dir='ltr'><strong>amicis</strong></span> <span class='ocrx_word' id='word_1_230' title='bbox 2154 2337 2334 2385; x_wconf 80' lang='lat' dir='ltr'><strong>Dionis.</strong></span> 
     </span>
     <span class='ocr_line' id='line_1_26' title="bbox 255 2393 2336 2459; baseline 0.002 -19"><span class='ocrx_word' id='word_1_231' title='bbox 255 2393 412 2458; x_wconf 85' lang='lat' dir='ltr'><strong>polim</strong></span> <span class='ocrx_word' id='word_1_232' title='bbox 444 2407 612 2444; x_wconf 89' lang='lat' dir='ltr'><strong>teneret</strong></span> <span class='ocrx_word' id='word_1_233' title='bbox 635 2427 649 2449; x_wconf 89' lang='lat'>‚</span> <span class='ocrx_word' id='word_1_234' title='bbox 698 2396 939 2459; x_wconf 83' lang='lat' dir='ltr'><strong>Dionyfius</strong></span> <span class='ocrx_word' id='word_1_235' title='bbox 959 2396 1146 2445; x_wconf 84' lang='lat' dir='ltr'><strong>Insulam</strong></span> <span class='ocrx_word' id='word_1_236' title='bbox 1176 2417 1187 2445; x_wconf 90' lang='lat'>:</span> <span class='ocrx_word' id='word_1_237' title='bbox 1220 2412 1268 2447; x_wconf 88' lang='lat' dir='ltr'><strong>ut</strong></span> <span class='ocrx_word' id='word_1_238' title='bbox 1320 2398 1525 2451; x_wconf 70' lang='lat' dir='ltr'><strong>Ernstius.</strong></span> <span class='ocrx_word' id='word_1_239' title='bbox 1569 2400 1671 2446; x_wconf 81' lang='lat' dir='ltr'><strong>cum</strong></span> <span class='ocrx_word' id='word_1_240' title='bbox 1714 2403 1827 2446; x_wconf 78' lang='lat' dir='ltr'><strong>lceea.</strong></span> <span class='ocrx_word' id='word_1_241' title='bbox 1860 2406 1880 2457; x_wconf 88' lang='grc'>]</span> <span class='ocrx_word' id='word_1_242' title='bbox 1913 2398 2098 2448; x_wconf 85' lang='lat' dir='ltr'><strong>Monuit</strong></span> <span class='ocrx_word' id='word_1_243' title='bbox 2125 2398 2336 2446; x_wconf 85' lang='lat' dir='ltr'><strong>Sebortus</strong></span> 
     </span>
     <span class='ocr_line' id='line_1_27' title="bbox 255 2454 2339 2509; baseline 0 -3"><span class='ocrx_word' id='word_1_244' title='bbox 255 2454 392 2506; x_wconf 87' lang='lat' dir='ltr'><strong>tradit</strong></span> <span class='ocrx_word' id='word_1_245' title='bbox 418 2458 652 2506; x_wconf 88' lang='lat' dir='ltr'><strong>Diodorus</strong></span> <span class='ocrx_word' id='word_1_246' title='bbox 678 2459 755 2507; x_wconf 85' lang='lat' dir='ltr'><strong>lib.</strong></span> <span class='ocrx_word' id='word_1_247' title='bbox 785 2474 858 2507; x_wconf 87' lang='lat' dir='ltr'><strong>vr.</strong></span> <span class='ocrx_word' id='word_1_248' title='bbox 923 2464 1108 2507; x_wconf 77' lang='lat' dir='ltr'><strong>Lambin.</strong></span> <span class='ocrx_word' id='word_1_249' title='bbox 1326 2463 1507 2507; x_wconf 80' lang='lat' dir='ltr'><strong>Hiceraem</strong></span> <span class='ocrx_word' id='word_1_250' title='bbox 1547 2473 1605 2507; x_wconf 80' lang='lat' dir='ltr'><strong>ex</strong></span> <span class='ocrx_word' id='word_1_251' title='bbox 1653 2459 1789 2509; x_wconf 89' lang='lat' dir='ltr'><strong>Diod.</strong></span> <span class='ocrx_word' id='word_1_252' title='bbox 1834 2461 1883 2508; x_wconf 67' lang='grc' dir='ltr'><strong>δι</strong></span> <span class='ocrx_word' id='word_1_253' title='bbox 1909 2459 2117 2509; x_wconf 88' lang='lat' dir='ltr'><strong>Gemisto</strong></span> <span class='ocrx_word' id='word_1_254' title='bbox 2156 2460 2339 2508; x_wconf 85' lang='lat' dir='ltr'><strong>Pletbo·</strong></span> 
     </span>
    </p>

    <p class='ocr_par' dir='ltr' id='par_1_7' title="bbox 254 2520 2347 2959">
     <span class='ocr_line' id='line_1_28' title="bbox 329 2520 2341 2585; baseline 0.003 -20"><span class='ocrx_word' id='word_1_255' title='bbox 329 2534 355 2565; x_wconf 87' lang='lat'>2</span> <span class='ocrx_word' id='word_1_256' title='bbox 418 2524 598 2584; x_wconf 74' lang='lat' dir='ltr'><strong>Turoque</strong></span> <span class='ocrx_word' id='word_1_257' title='bbox 637 2535 684 2567; x_wconf 79' lang='lat' dir='ltr'><strong>ut</strong></span> <span class='ocrx_word' id='word_1_258' title='bbox 719 2526 946 2569; x_wconf 77' lang='lat' dir='ltr'><strong>Corinthum</strong></span> <span class='ocrx_word' id='word_1_259' title='bbox 988 2524 1222 2584; x_wconf 70' lang='lat' dir='ltr'><strong>perveniret.</strong></span> <span class='ocrx_word' id='word_1_260' title='bbox 1253 2528 1273 2581; x_wconf 72' lang='lat'>3</span> <span class='ocrx_word' id='word_1_261' title='bbox 1324 2533 1380 2567; x_wconf 86' lang='lat' dir='ltr'><strong>ne</strong></span> <span class='ocrx_word' id='word_1_262' title='bbox 1442 2520 1695 2585; x_wconf 82' lang='lat' dir='ltr'><strong>legendum.</strong></span> <span class='ocrx_word' id='word_1_263' title='bbox 1758 2524 1852 2584; x_wconf 82' lang='lat' dir='ltr'><strong>Qli</strong></span> <span class='ocrx_word' id='word_1_264' title='bbox 1913 2524 2126 2573; x_wconf 75' lang='lat' dir='ltr'><strong>Ciceroni</strong></span> <span class='ocrx_word' id='word_1_265' title='bbox 2178 2528 2341 2571; x_wconf 62' lang='lat' dir='ltr'><strong>Niceros</strong></span> 
     </span>
     <span class='ocr_line' id='line_1_29' title="bbox 254 2579 2343 2650; baseline 0.002 -21"><span class='ocrx_word' id='word_1_266' title='bbox 254 2579 353 2629; x_wconf 84' lang='lat' dir='ltr'><strong>vbi</strong></span> <span class='ocrx_word' id='word_1_267' title='bbox 413 2580 569 2631; x_wconf 88' lang='lat' dir='ltr'><strong>ludum</strong></span> <span class='ocrx_word' id='word_1_268' title='bbox 627 2582 869 2646; x_wconf 79' lang='lat' dir='ltr'><strong>Dionysius</strong></span> <span class='ocrx_word' id='word_1_269' title='bbox 921 2587 1098 2646; x_wconf 87' lang='lat' dir='ltr'><strong>aperuit.</strong></span> <span class='ocrx_word' id='word_1_270' title='bbox 1162 2584 1275 2633; x_wconf 87' lang='lat' dir='ltr'><strong>Vide</strong></span> <span class='ocrx_word' id='word_1_271' title='bbox 1323 2598 1552 2647; x_wconf 85' lang='lat' dir='ltr'><strong>corrupte,</strong></span> <span class='ocrx_word' id='word_1_272' title='bbox 1591 2596 1640 2632; x_wconf 90' lang='lat' dir='ltr'><strong>ut</strong></span> <span class='ocrx_word' id='word_1_273' title='bbox 1673 2584 1835 2647; x_wconf 84' lang='lat' dir='ltr'><strong>opinor</strong></span> <span class='ocrx_word' id='word_1_274' title='bbox 1860 2616 1875 2640; x_wconf 91' lang='lat'>,</span> <span class='ocrx_word' id='word_1_275' title='bbox 1919 2602 1976 2635; x_wconf 82' lang='lat' dir='ltr'><strong>ex</strong></span> <span class='ocrx_word' id='word_1_276' title='bbox 2015 2586 2269 2650; x_wconf 81' lang='lat' dir='ltr'><strong>aspiratione</strong></span> <span class='ocrx_word' id='word_1_277' title='bbox 2288 2585 2343 2635; x_wconf 83' lang='lat' dir='ltr'><strong>iu</strong></span> 
     </span>
     <span class='ocr_line' id='line_1_30' title="bbox 255 2642 2343 2709; baseline 0.003 -19"><span class='ocrx_word' id='word_1_278' title='bbox 255 2642 550 2708; x_wconf 85' lang='lat' dir='ltr'><strong>proverbium</strong></span> <span class='ocrx_word' id='word_1_279' title='bbox 572 2678 586 2700; x_wconf 94' lang='lat'>,</span> <span class='ocrx_word' id='word_1_280' title='bbox 629 2647 843 2706; x_wconf 73' lang='lat' dir='ltr'><strong>Dionyfins</strong></span> <span class='ocrx_word' id='word_1_281' title='bbox 868 2650 1066 2703; x_wconf 67' lang='lat' dir='ltr'><strong>Commi,</strong></span> <span class='ocrx_word' id='word_1_282' title='bbox 1095 2646 1146 2694; x_wconf 78' lang='grc' dir='ltr'><strong>δε</strong></span> <span class='ocrx_word' id='word_1_283' title='bbox 1171 2648 1273 2696; x_wconf 82' lang='lat' dir='ltr'><strong>Plu·</strong></span> <span class='ocrx_word' id='word_1_284' title='bbox 1325 2645 1496 2695; x_wconf 87' lang='lat' dir='ltr'><strong>literam</strong></span> <span class='ocrx_word' id='word_1_285' title='bbox 1535 2667 1560 2695; x_wconf 88' lang='lat' dir='ltr'><strong>n</strong></span> <span class='ocrx_word' id='word_1_286' title='bbox 1585 2646 1858 2709; x_wconf 73' lang='lat' dir='ltr'><strong>versipellem</strong></span> <span class='ocrx_word' id='word_1_287' title='bbox 1880 2646 2004 2698; x_wconf 67' lang='lat' dir='ltr'><strong>fasta.</strong></span> <span class='ocrx_word' id='word_1_288' title='bbox 2066 2652 2186 2697; x_wconf 87' lang='lat' dir='ltr'><strong>Nam</strong></span> <span class='ocrx_word' id='word_1_289' title='bbox 2215 2651 2343 2697; x_wconf 80' lang='lat' dir='ltr'><strong>Grae·</strong></span> 
     </span>
     <span class='ocr_line' id='line_1_31' title="bbox 255 2705 2339 2776; baseline 0.002 -21"><span class='ocrx_word' id='word_1_290' title='bbox 255 2705 395 2755; x_wconf 82' lang='lat' dir='ltr'><strong>tarch.</strong></span> <span class='ocrx_word' id='word_1_291' title='bbox 438 2709 486 2755; x_wconf 91' lang='lat' dir='ltr'><strong>in</strong></span> <span class='ocrx_word' id='word_1_292' title='bbox 515 2708 809 2757; x_wconf 83' lang='lat' dir='ltr'><strong>Timoleonte</strong></span> <span class='ocrx_word' id='word_1_293' title='bbox 833 2707 890 2757; x_wconf 89' lang='lat' dir='ltr'><strong>de</strong></span> <span class='ocrx_word' id='word_1_294' title='bbox 912 2706 1041 2757; x_wconf 74' lang='lat' dir='ltr'><strong>diffis</strong></span> <span class='ocrx_word' id='word_1_295' title='bbox 1063 2709 1276 2775; x_wconf 70' lang='lat' dir='ltr'><strong>faffisque</strong></span> <span class='ocrx_word' id='word_1_296' title='bbox 1323 2709 1385 2757; x_wconf 78' lang='lat' dir='ltr'><strong>cis</strong></span> <span class='ocrx_word' id='word_1_297' title='bbox 1446 2712 1746 2758; x_wconf 86' lang='lat' dir='ltr'><strong>communiter</strong></span> <span class='ocrx_word' id='word_1_298' title='bbox 1808 2713 1984 2764; x_wconf 70' lang='grc' dir='ltr'>Γκέτας</span> <span class='ocrx_word' id='word_1_299' title='bbox 2034 2712 2339 2776; x_wconf 55' lang='grc' dir='ltr'><strong>συςακέσοω.</strong></span> 
     </span>
     <span class='ocr_line' id='line_1_32' title="bbox 256 2770 2347 2836; baseline 0.002 -19"><span class='ocrx_word' id='word_1_300' title='bbox 256 2771 399 2817; x_wconf 82' lang='lat' dir='ltr'><strong>etiam</strong></span> <span class='ocrx_word' id='word_1_301' title='bbox 425 2770 640 2833; x_wconf 83' lang='lat' dir='ltr'><strong>Dionyfii.</strong></span> <span class='ocrx_word' id='word_1_302' title='bbox 682 2774 878 2821; x_wconf 73' lang='lat' dir='ltr'><strong>Schottics.</strong></span> <span class='ocrx_word' id='word_1_303' title='bbox 927 2773 1076 2819; x_wconf 86' lang='lat' dir='ltr'><strong>Exstat</strong></span> <span class='ocrx_word' id='word_1_304' title='bbox 1098 2774 1144 2820; x_wconf 88' lang='lat' dir='ltr'><strong>in</strong></span> <span class='ocrx_word' id='word_1_305' title='bbox 1192 2775 1272 2822; x_wconf 88' lang='lat' dir='ltr'><strong>Ci·</strong></span> <span class='ocrx_word' id='word_1_306' title='bbox 1326 2772 1464 2836; x_wconf 87' lang='lat' dir='ltr'><strong>Diog.</strong></span> <span class='ocrx_word' id='word_1_307' title='bbox 1496 2774 1639 2821; x_wconf 69' lang='lat' dir='ltr'><strong>Lai-itt.</strong></span> <span class='ocrx_word' id='word_1_308' title='bbox 1670 2774 1716 2820; x_wconf 88' lang='lat' dir='ltr'><strong>in</strong></span> <span class='ocrx_word' id='word_1_309' title='bbox 1743 2771 1943 2832; x_wconf 76' lang='lat' dir='ltr'><strong>Philolao</strong></span> <span class='ocrx_word' id='word_1_310' title='bbox 1973 2789 1986 2820; x_wconf 72' lang='grc' dir='ltr'><strong>ε</strong></span> <span class='ocrx_word' id='word_1_311' title='bbox 2029 2774 2159 2820; x_wconf 55' lang='grc' dir='ltr'><strong>κατέ</strong></span> <span class='ocrx_word' id='word_1_312' title='bbox 2182 2776 2347 2822; x_wconf 72' lang='grc' dir='ltr'><strong>κύκλον</strong></span> 
     </span>
     <span class='ocr_line' id='line_1_33' title="bbox 262 2832 2342 2898; baseline 0.001 -18"><span class='ocrx_word' id='word_1_313' title='bbox 262 2846 429 2880; x_wconf 89' lang='lat' dir='ltr'><strong>cerone</strong></span> <span class='ocrx_word' id='word_1_314' title='bbox 457 2832 509 2879; x_wconf 85' lang='lat' dir='ltr'><strong>ad</strong></span> <span class='ocrx_word' id='word_1_315' title='bbox 534 2834 756 2883; x_wconf 85' lang='lat' dir='ltr'><strong>Attic.1x.</strong></span> <span class='ocrx_word' id='word_1_316' title='bbox 779 2850 823 2887; x_wconf 90' lang='lat'><strong>9.</strong></span> <span class='ocrx_word' id='word_1_317' title='bbox 852 2835 1038 2897; x_wconf 81' lang='lat' dir='ltr'><strong>Qintil.</strong></span> <span class='ocrx_word' id='word_1_318' title='bbox 1065 2849 1200 2883; x_wconf 82' lang='lat' dir='ltr'><strong>vrxr.</strong></span> <span class='ocrx_word' id='word_1_319' title='bbox 1229 2845 1273 2885; x_wconf 85' lang='lat'><strong>6.</strong></span> <span class='ocrx_word' id='word_1_320' title='bbox 1326 2838 1404 2883; x_wconf 65' lang='lat' dir='ltr'><strong>mlv</strong></span> <span class='ocrx_word' id='word_1_321' title='bbox 1446 2836 1527 2897; x_wconf 56' lang='grc' dir='ltr'><strong>γῆν</strong></span> <span class='ocrx_word' id='word_1_322' title='bbox 1559 2832 1790 2885; x_wconf 65' lang='grc' dir='ltr'><strong>κινεῖσθαι</strong></span> <span class='ocrx_word' id='word_1_323' title='bbox 1821 2839 2005 2898; x_wconf 63' lang='grc' dir='ltr'><strong>πρῶτον</strong></span> <span class='ocrx_word' id='word_1_324' title='bbox 2038 2834 2203 2889; x_wconf 70' lang='grc' dir='ltr'><strong>εἰπεῖν,</strong></span> <span class='ocrx_word' id='word_1_325' title='bbox 2238 2835 2342 2885; x_wconf 67' lang='grc' dir='ltr'><strong>οἱδὶ</strong></span> 
     </span>
     <span class='ocr_line' id='line_1_34' title="bbox 256 2895 2347 2959; baseline 0 -14"><span class='ocrx_word' id='word_1_326' title='bbox 256 2895 436 2945; x_wconf 84' lang='lat' dir='ltr'><strong>La&#39;e&#39;rtii</strong></span> <span class='ocrx_word' id='word_1_327' title='bbox 461 2898 658 2946; x_wconf 82' lang='lat' dir='ltr'><strong>Platone.</strong></span> <span class='ocrx_word' id='word_1_328' title='bbox 689 2898 831 2947; x_wconf 84' lang='lat' dir='ltr'><strong>Valer.</strong></span> <span class='ocrx_word' id='word_1_329' title='bbox 869 2902 994 2950; x_wconf 80' lang='lat' dir='ltr'><strong>Max.</strong></span> <span class='ocrx_word' id='word_1_330' title='bbox 1014 2895 1096 2947; x_wconf 88' lang='lat' dir='ltr'><strong>lib.</strong></span> <span class='ocrx_word' id='word_1_331' title='bbox 1130 2913 1205 2948; x_wconf 81' lang='lat' dir='ltr'><strong>vr.</strong></span> <span class='ocrx_word' id='word_1_332' title='bbox 1232 2915 1275 2954; x_wconf 90' lang='lat'><strong>9.</strong></span> <span class='ocrx_word' id='word_1_333' title='bbox 1328 2898 1498 2946; x_wconf 72' lang='grc' dir='ltr'><strong><em>Γκὲταν</em></strong></span> <span class='ocrx_word' id='word_1_334' title='bbox 1528 2898 1791 2959; x_wconf 70' lang='grc' dir='ltr'><strong>συραιῑέσιον</strong></span> <span class='ocrx_word' id='word_1_335' title='bbox 1833 2900 1965 2959; x_wconf 72' lang='grc' dir='ltr'><strong><em>φασί.</em></strong></span> <span class='ocrx_word' id='word_1_336' title='bbox 2027 2899 2143 2946; x_wconf 85' lang='lat' dir='ltr'><strong>Vide</strong></span> <span class='ocrx_word' id='word_1_337' title='bbox 2173 2903 2347 2946; x_wconf 87' lang='lat' dir='ltr'><strong>Turne·</strong></span> 
     </span>
    </p>

    <p class='ocr_par' dir='ltr' id='par_1_8' title="bbox 205 2958 2393 3696">
     <span class='ocr_line' id='line_1_35' title="bbox 265 2958 2348 3023; baseline 0.001 -17"><span class='ocrx_word' id='word_1_338' title='bbox 265 2959 380 3007; x_wconf 76' lang='lat' dir='ltr'><strong>aliis.</strong></span> <span class='ocrx_word' id='word_1_339' title='bbox 717 3004 730 3021; x_wconf 74' lang='grc'>,</span> <span class='ocrx_word' id='word_1_340' title='bbox 759 2996 762 2997; x_wconf 23' lang='lat'><em>⁷</em></span> <span class='ocrx_word' id='word_1_341' title='bbox 1330 2958 1439 3007; x_wconf 86' lang='lat' dir='ltr'><strong>bum</strong></span> <span class='ocrx_word' id='word_1_342' title='bbox 1475 2958 1556 3009; x_wconf 88' lang='lat' dir='ltr'><strong>lib.</strong></span> <span class='ocrx_word' id='word_1_343' title='bbox 1599 2976 1704 3008; x_wconf 84' lang='lat' dir='ltr'><strong>xv1.</strong></span> <span class='ocrx_word' id='word_1_344' title='bbox 1745 2974 1834 3023; x_wconf 87' lang='lat' dir='ltr'><strong>cap.</strong></span> <span class='ocrx_word' id='word_1_345' title='bbox 1872 2969 1943 3009; x_wconf 81' lang='lat'><strong>18.</strong></span> <span class='ocrx_word' id='word_1_346' title='bbox 1972 2959 2091 3008; x_wconf 78' lang='lat' dir='ltr'><strong>Adv.</strong></span> <span class='ocrx_word' id='word_1_347' title='bbox 2119 2966 2244 3007; x_wconf 77' lang='lat' dir='ltr'><strong>Icetas</strong></span> <span class='ocrx_word' id='word_1_348' title='bbox 2270 2975 2348 3008; x_wconf 81' lang='lat' dir='ltr'><strong>au-</strong></span> 
     </span>
     <span class='ocr_line' id='line_1_36' title="bbox 205 3022 2393 3089; baseline 0.001 -22"><span class='ocrx_word' id='word_1_349' title='bbox 205 3032 216 3037; x_wconf 80' lang='grc'><em>’</em></span> <span class='ocrx_word' id='word_1_350' title='bbox 331 3038 353 3077; x_wconf 88' lang='lat'><em>3</em></span> <span class='ocrx_word' id='word_1_351' title='bbox 423 3026 605 3083; x_wconf 76' lang='lat' dir='ltr'><strong>Eamque</strong></span> <span class='ocrx_word' id='word_1_352' title='bbox 623 3024 872 3089; x_wconf 54' lang='lat' dir='ltr'><strong>,praclarum</strong></span> <span class='ocrx_word' id='word_1_353' title='bbox 910 3023 1127 3070; x_wconf 61' lang='lat' dir='ltr'><strong>vifforiam</strong></span> <span class='ocrx_word' id='word_1_354' title='bbox 1165 3022 1280 3070; x_wconf 75' lang='lat' dir='ltr'><strong>duce·</strong></span> <span class='ocrx_word' id='word_1_355' title='bbox 1326 3035 1422 3070; x_wconf 87' lang='lat' dir='ltr'><strong>tem</strong></span> <span class='ocrx_word' id='word_1_356' title='bbox 1448 3036 1531 3085; x_wconf 88' lang='lat' dir='ltr'><strong>pro</strong></span> <span class='ocrx_word' id='word_1_357' title='bbox 1557 3028 1742 3077; x_wconf 66' lang='lat' dir='ltr'><strong>Hicem3</strong></span> <span class='ocrx_word' id='word_1_358' title='bbox 1775 3036 1825 3070; x_wconf 87' lang='lat' dir='ltr'><strong>ut</strong></span> <span class='ocrx_word' id='word_1_359' title='bbox 1848 3028 2059 3085; x_wconf 77' lang='lat' dir='ltr'><strong>Iphicrates</strong></span> <span class='ocrx_word' id='word_1_360' title='bbox 2077 3053 2091 3076; x_wconf 87' lang='lat'>,</span> <span class='ocrx_word' id='word_1_361' title='bbox 2122 3022 2393 3084; x_wconf 56' lang='lat' dir='ltr'><strong>Himera-0</strong></span> 
     </span>
     <span class='ocr_line' id='line_1_37' title="bbox 262 3084 2353 3148; baseline 0.001 -17"><span class='ocrx_word' id='word_1_362' title='bbox 262 3085 348 3134; x_wconf 73' lang='lat' dir='ltr'><strong>har.</strong></span> <span class='ocrx_word' id='word_1_363' title='bbox 377 3089 393 3142; x_wconf 94' lang='lat'><strong>]</strong></span> <span class='ocrx_word' id='word_1_364' title='bbox 424 3085 629 3147; x_wconf 81' lang='lat' dir='ltr'><strong>Vulgari,</strong></span> <span class='ocrx_word' id='word_1_365' title='bbox 661 3090 711 3137; x_wconf 70' lang='grc' dir='ltr'><strong>ά·</strong></span> <span class='ocrx_word' id='word_1_366' title='bbox 733 3089 838 3148; x_wconf 78' lang='lat' dir='ltr'><strong>quod</strong></span> <span class='ocrx_word' id='word_1_367' title='bbox 860 3102 946 3132; x_wconf 78' lang='lat' dir='ltr'><strong>eam</strong></span> <span class='ocrx_word' id='word_1_368' title='bbox 963 3090 1193 3147; x_wconf 72' lang='lat' dir='ltr'><strong>praclaram</strong></span> <span class='ocrx_word' id='word_1_369' title='bbox 1216 3091 1282 3132; x_wconf 84' lang='lat' dir='ltr'><strong>vi·</strong></span> <span class='ocrx_word' id='word_1_370' title='bbox 1330 3097 1423 3141; x_wconf 84' lang='lat' dir='ltr'><strong>tes;</strong></span> <span class='ocrx_word' id='word_1_371' title='bbox 1455 3087 1578 3144; x_wconf 84' lang='lat' dir='ltr'><strong>Ister,</strong></span> <span class='ocrx_word' id='word_1_372' title='bbox 1606 3085 1774 3139; x_wconf 82' lang='lat' dir='ltr'><strong>Hister3</strong></span> <span class='ocrx_word' id='word_1_373' title='bbox 1812 3085 2056 3147; x_wconf 54' lang='lat' dir='ltr'><strong>Agesilaus,</strong></span> <span class='ocrx_word' id='word_1_374' title='bbox 2084 3084 2353 3148; x_wconf 78' lang='lat' dir='ltr'><strong>Hagefilaus,</strong></span> 
     </span>
     <span class='ocr_line' id='line_1_38' title="bbox 272 3145 2044 3210; baseline 0.002 -17"><span class='ocrx_word' id='word_1_375' title='bbox 272 3149 438 3193; x_wconf 59' lang='lat' dir='ltr'><strong>&amp;oriam</strong></span> <span class='ocrx_word' id='word_1_376' title='bbox 476 3148 653 3196; x_wconf 82' lang='lat' dir='ltr'><strong>ducebat.</strong></span> <span class='ocrx_word' id='word_1_377' title='bbox 715 3147 905 3194; x_wconf 83' lang='lat' dir='ltr'><strong>Platonis</strong></span> <span class='ocrx_word' id='word_1_378' title='bbox 958 3147 1020 3196; x_wconf 88' lang='lat' dir='ltr'><strong>est</strong></span> <span class='ocrx_word' id='word_1_379' title='bbox 1073 3145 1283 3197; x_wconf 88' lang='lat' dir='ltr'><strong>sententia</strong></span> <span class='ocrx_word' id='word_1_380' title='bbox 1332 3148 1381 3196; x_wconf 76' lang='grc' dir='ltr'><strong>δι</strong></span> <span class='ocrx_word' id='word_1_381' title='bbox 1408 3148 1483 3197; x_wconf 85' lang='lat' dir='ltr'><strong>alia</strong></span> <span class='ocrx_word' id='word_1_382' title='bbox 1507 3147 1553 3196; x_wconf 89' lang='lat' dir='ltr'><strong>in</strong></span> <span class='ocrx_word' id='word_1_383' title='bbox 1574 3150 1821 3210; x_wconf 86' lang='lat' dir='ltr'><strong>Excerptis.</strong></span> <span class='ocrx_word' id='word_1_384' title='bbox 1850 3151 2044 3207; x_wconf 52' lang='lat' dir='ltr'><strong>&amp;nehem</strong></span> 
     </span>
     <span class='ocr_line' id='line_1_39' title="bbox 209 3206 2359 3273; baseline 0.001 -17"><span class='ocrx_word' id='word_1_385' title='bbox 209 3262 228 3267; x_wconf 33' lang='grc' dir='ltr'><em>Δ</em></span> <span class='ocrx_word' id='word_1_386' title='bbox 273 3206 354 3256; x_wconf 88' lang='lat' dir='ltr'><strong>lib.</strong></span> <span class='ocrx_word' id='word_1_387' title='bbox 380 3224 416 3255; x_wconf 89' lang='lat' dir='ltr'><strong>r.</strong></span> <span class='ocrx_word' id='word_1_388' title='bbox 447 3207 505 3256; x_wconf 91' lang='lat' dir='ltr'><strong>de</strong></span> <span class='ocrx_word' id='word_1_389' title='bbox 528 3213 591 3256; x_wconf 86' lang='lat' dir='ltr'><strong>Le</strong></span> <span class='ocrx_word' id='word_1_390' title='bbox 623 3247 634 3257; x_wconf 95' lang='lat'><strong>.</strong></span> <span class='ocrx_word' id='word_1_391' title='bbox 669 3209 824 3265; x_wconf 81' lang='lat' dir='ltr'><strong>initio,</strong></span> <span class='ocrx_word' id='word_1_392' title='bbox 855 3210 1093 3259; x_wconf 80' lang='lat' dir='ltr'><strong>maximam</strong></span> <span class='ocrx_word' id='word_1_393' title='bbox 1117 3206 1204 3257; x_wconf 88' lang='lat' dir='ltr'><strong>esse</strong></span> <span class='ocrx_word' id='word_1_394' title='bbox 1216 3212 1262 3259; x_wconf 86' lang='lat' dir='ltr'><strong>vi</strong></span> <span class='ocrx_word' id='word_1_395' title='bbox 1399 3218 1427 3256; x_wconf 90' lang='lat'>6</span> <span class='ocrx_word' id='word_1_396' title='bbox 1458 3216 1539 3259; x_wconf 83' lang='lat' dir='ltr'><strong>Hoc</strong></span> <span class='ocrx_word' id='word_1_397' title='bbox 1565 3213 1763 3273; x_wconf 73' lang='lat' dir='ltr'><strong>superato.</strong></span> <span class='ocrx_word' id='word_1_398' title='bbox 1797 3216 1814 3268; x_wconf 74' lang='lat'>1</span> <span class='ocrx_word' id='word_1_399' title='bbox 1874 3209 1926 3256; x_wconf 89' lang='lat' dir='ltr'><strong>Id</strong></span> <span class='ocrx_word' id='word_1_400' title='bbox 1959 3209 2022 3258; x_wconf 85' lang='lat' dir='ltr'><strong>est</strong></span> <span class='ocrx_word' id='word_1_401' title='bbox 2050 3242 2065 3266; x_wconf 91' lang='lat'>,</span> <span class='ocrx_word' id='word_1_402' title='bbox 2106 3223 2249 3257; x_wconf 87' lang='lat' dir='ltr'><strong>arcem</strong></span> <span class='ocrx_word' id='word_1_403' title='bbox 2285 3223 2359 3258; x_wconf 86' lang='lat' dir='ltr'><strong>re-</strong></span> 
     </span>
     <span class='ocr_line' id='line_1_40' title="bbox 280 3270 2357 3337; baseline 0.001 -20"><span class='ocrx_word' id='word_1_404' title='bbox 280 3270 468 3318; x_wconf 71' lang='lat' dir='ltr'><strong>&amp;oriam</strong></span> <span class='ocrx_word' id='word_1_405' title='bbox 499 3271 588 3335; x_wconf 82' lang='lat' dir='ltr'><strong>seip</strong></span> <span class='ocrx_word' id='word_1_406' title='bbox 606 3274 696 3319; x_wconf 70' lang='lat' dir='ltr'><strong>um&#39;</strong></span> <span class='ocrx_word' id='word_1_407' title='bbox 715 3273 922 3327; x_wconf 85' lang='lat' dir='ltr'><strong>vincere,</strong></span> <span class='ocrx_word' id='word_1_408' title='bbox 959 3272 1007 3319; x_wconf 71' lang='grc' dir='ltr'><strong>ὅ(</strong></span> <span class='ocrx_word' id='word_1_409' title='bbox 1038 3275 1085 3320; x_wconf 88' lang='lat' dir='ltr'><strong>in</strong></span> <span class='ocrx_word' id='word_1_410' title='bbox 1105 3271 1288 3322; x_wconf 85' lang='lat' dir='ltr'><strong>adverfis</strong></span> <span class='ocrx_word' id='word_1_411' title='bbox 1337 3273 1537 3337; x_wconf 87' lang='lat' dir='ltr'><strong>linquere</strong></span> <span class='ocrx_word' id='word_1_412' title='bbox 1564 3272 1720 3321; x_wconf 73' lang='lat' dir='ltr'><strong>coa&amp;o</strong></span> <span class='ocrx_word' id='word_1_413' title='bbox 1757 3273 1807 3318; x_wconf 75' lang='grc' dir='ltr'><strong>ὅ(</strong></span> <span class='ocrx_word' id='word_1_414' title='bbox 1844 3286 1904 3319; x_wconf 86' lang='lat' dir='ltr'><strong>ex</strong></span> <span class='ocrx_word' id='word_1_415' title='bbox 1928 3286 2021 3320; x_wconf 87' lang='lat' dir='ltr'><strong>arce</strong></span> <span class='ocrx_word' id='word_1_416' title='bbox 2044 3270 2261 3334; x_wconf 87' lang='lat' dir='ltr'><strong>depulso,</strong></span> <span class='ocrx_word' id='word_1_417' title='bbox 2287 3273 2357 3322; x_wconf 86' lang='lat' dir='ltr'><strong>id·</strong></span> 
     </span>
     <span class='ocr_line' id='line_1_41' title="bbox 280 3333 2356 3401; baseline 0.002 -21"><span class='ocrx_word' id='word_1_418' title='bbox 280 3335 429 3380; x_wconf 80' lang='lat' dir='ltr'><strong>animo</strong></span> <span class='ocrx_word' id='word_1_419' title='bbox 457 3349 550 3382; x_wconf 88' lang='lat' dir='ltr'><strong>non</strong></span> <span class='ocrx_word' id='word_1_420' title='bbox 575 3334 798 3389; x_wconf 78' lang='lat' dir='ltr'><strong>demfflh,</strong></span> <span class='ocrx_word' id='word_1_421' title='bbox 836 3348 921 3382; x_wconf 85' lang='lat' dir='ltr'><strong>nec</strong></span> <span class='ocrx_word' id='word_1_422' title='bbox 952 3334 996 3382; x_wconf 88' lang='lat' dir='ltr'><strong>in</strong></span> <span class='ocrx_word' id='word_1_423' title='bbox 1019 3333 1214 3384; x_wconf 85' lang='lat' dir='ltr'><strong>secundis</strong></span> <span class='ocrx_word' id='word_1_424' title='bbox 1237 3352 1290 3384; x_wconf 88' lang='lat' dir='ltr'><strong>e-</strong></span> <span class='ocrx_word' id='word_1_425' title='bbox 1338 3351 1427 3401; x_wconf 90' lang='lat' dir='ltr'><strong>que</strong></span> <span class='ocrx_word' id='word_1_426' title='bbox 1452 3336 1577 3384; x_wconf 86' lang='lat' dir='ltr'><strong>nullo</strong></span> <span class='ocrx_word' id='word_1_427' title='bbox 1611 3350 1667 3382; x_wconf 79' lang='lat' dir='ltr'><strong>ex</strong></span> <span class='ocrx_word' id='word_1_428' title='bbox 1690 3334 1940 3383; x_wconf 77' lang='lat' dir='ltr'><strong>Corinthiis</strong></span> <span class='ocrx_word' id='word_1_429' title='bbox 1979 3336 2209 3383; x_wconf 83' lang='lat' dir='ltr'><strong>vulnerato</strong></span> <span class='ocrx_word' id='word_1_430' title='bbox 2242 3368 2256 3393; x_wconf 86' lang='lat'>‚</span> <span class='ocrx_word' id='word_1_431' title='bbox 2305 3349 2356 3384; x_wconf 85' lang='lat' dir='ltr'><strong>ur</strong></span> 
     </span>
     <span class='ocr_line' id='line_1_42' title="bbox 281 3394 2354 3463; baseline 0.002 -20"><span class='ocrx_word' id='word_1_432' title='bbox 281 3395 374 3443; x_wconf 85' lang='lat' dir='ltr'><strong>lato</strong></span> <span class='ocrx_word' id='word_1_433' title='bbox 396 3394 512 3444; x_wconf 82' lang='lat' dir='ltr'><strong>effe:</strong></span> <span class='ocrx_word' id='word_1_434' title='bbox 549 3398 830 3461; x_wconf 64' lang='grc' dir='ltr'><strong>Κᾴνταόθα.</strong></span> <span class='ocrx_word' id='word_1_435' title='bbox 868 3395 907 3445; x_wconf 64' lang='grc' dir='ltr'><strong><em>ἒ</em></strong></span> <span class='ocrx_word' id='word_1_436' title='bbox 921 3397 1016 3463; x_wconf 72' lang='grc' dir='ltr'><strong>ξένε</strong></span> <span class='ocrx_word' id='word_1_437' title='bbox 1042 3431 1056 3453; x_wconf 87' lang='grc'><em>,</em></span> <span class='ocrx_word' id='word_1_438' title='bbox 1098 3398 1151 3447; x_wconf 62' lang='grc' dir='ltr'><strong>’τὸ</strong></span> <span class='ocrx_word' id='word_1_439' title='bbox 1178 3403 1291 3463; x_wconf 75' lang='grc' dir='ltr'><em>νικᾷν</em></span> <span class='ocrx_word' id='word_1_440' title='bbox 1339 3399 1466 3448; x_wconf 81' lang='lat' dir='ltr'><strong>tradit</strong></span> <span class='ocrx_word' id='word_1_441' title='bbox 1523 3397 1786 3446; x_wconf 84' lang='lat' dir='ltr'><strong>Plutarchus.</strong></span> <span class='ocrx_word' id='word_1_442' title='bbox 1849 3396 1936 3445; x_wconf 84' lang='lat' dir='ltr'><strong>Sed</strong></span> <span class='ocrx_word' id='word_1_443' title='bbox 1989 3397 2221 3449; x_wconf 85' lang='lat' dir='ltr'><strong>Diodorus</strong></span> <span class='ocrx_word' id='word_1_444' title='bbox 2274 3398 2354 3448; x_wconf 90' lang='lat' dir='ltr'><strong>lib.</strong></span> 
     </span>
     <span class='ocr_line' id='line_1_43' title="bbox 283 3457 2361 3539; baseline 0.001 -34"><span class='ocrx_word' id='word_1_445' title='bbox 283 3457 422 3509; x_wconf 72' lang='grc' dir='ltr'><strong><em>αὐτὸν</em></strong></span> <span class='ocrx_word' id='word_1_446' title='bbox 449 3458 779 3516; x_wconf 46' lang='lat' dir='ltr'><strong>adtributae&amp;</strong></span> <span class='ocrx_word' id='word_1_447' title='bbox 809 3459 927 3508; x_wconf 69' lang='grc' dir='ltr'><strong><em>νικῶν</em></strong></span> <span class='ocrx_word' id='word_1_448' title='bbox 953 3459 1117 3539; x_wconf 50' lang='grc' dir='ltr'><strong>πρώτη</strong></span> <span class='ocrx_word' id='word_1_449' title='bbox 1143 3463 1288 3513; x_wconf 66' lang='grc' dir='ltr'><strong>«τεκαὶ</strong></span> <span class='ocrx_word' id='word_1_450' title='bbox 1341 3477 1449 3513; x_wconf 79' lang='lat' dir='ltr'><strong>xvr.</strong></span> <span class='ocrx_word' id='word_1_451' title='bbox 1502 3473 1637 3509; x_wconf 84' lang='lat' dir='ltr'><strong>narrat</strong></span> <span class='ocrx_word' id='word_1_452' title='bbox 1663 3494 1677 3514; x_wconf 87' lang='lat'>‚</span> <span class='ocrx_word' id='word_1_453' title='bbox 1714 3460 2055 3508; x_wconf 69' lang='lat' dir='ltr'><strong>Timoleonte-tn</strong></span> <span class='ocrx_word' id='word_1_454' title='bbox 2099 3475 2201 3509; x_wconf 89' lang='lat' dir='ltr'><strong>cum</strong></span> <span class='ocrx_word' id='word_1_455' title='bbox 2237 3466 2361 3510; x_wconf 84' lang='lat' dir='ltr'><strong>lceta</strong></span> 
     </span>
     <span class='ocr_line' id='line_1_44' title="bbox 277 3519 2363 3588; baseline 0.001 -19"><span class='ocrx_word' id='word_1_456' title='bbox 277 3521 408 3583; x_wconf 70' lang='lat' dir='ltr'><strong>‹ipis-n</strong></span> <span class='ocrx_word' id='word_1_457' title='bbox 429 3556 446 3580; x_wconf 84' lang='lat'>,</span> <span class='ocrx_word' id='word_1_458' title='bbox 478 3522 532 3568; x_wconf 71' lang='grc' dir='ltr'><strong>τὸ</strong></span> <span class='ocrx_word' id='word_1_459' title='bbox 557 3522 607 3570; x_wconf 67' lang='grc' dir='ltr'><strong>δὶ</strong></span> <span class='ocrx_word' id='word_1_460' title='bbox 636 3523 871 3574; x_wconf 68' lang='grc' dir='ltr'><strong>»ἰτἹᾶσθαι</strong></span> <span class='ocrx_word' id='word_1_461' title='bbox 897 3523 1033 3577; x_wconf 70' lang='grc' dir='ltr'><strong>αὐτοι</strong></span> <span class='ocrx_word' id='word_1_462' title='bbox 1054 3521 1294 3581; x_wconf 67' lang='grc' dir='ltr'><strong>ὑφ’ἱαυτέ,</strong></span> <span class='ocrx_word' id='word_1_463' title='bbox 1341 3524 1597 3588; x_wconf 71' lang='lat' dir='ltr'><strong>pafflonem</strong></span> <span class='ocrx_word' id='word_1_464' title='bbox 1634 3519 1782 3571; x_wconf 75' lang='lat' dir='ltr'><strong>seciffe</strong></span> <span class='ocrx_word' id='word_1_465' title='bbox 1805 3559 1820 3576; x_wconf 90' lang='lat'><em>,</em></span> <span class='ocrx_word' id='word_1_466' title='bbox 1876 3523 1929 3571; x_wconf 76' lang='grc' dir='ltr'><strong>δι</strong></span> <span class='ocrx_word' id='word_1_467' title='bbox 1968 3520 2231 3587; x_wconf 68' lang='lat' dir='ltr'><strong>transegisse.</strong></span> <span class='ocrx_word' id='word_1_468' title='bbox 2293 3527 2363 3572; x_wconf 85' lang='lat' dir='ltr'><strong>Sic</strong></span> 
     </span>
     <span class='ocr_line' id='line_1_45' title="bbox 275 3582 2364 3696; baseline -0.002 -61"><span class='ocrx_word' id='word_1_469' title='bbox 275 3588 453 3636; x_wconf 65' lang='grc' dir='ltr'><strong>πείνη-ον</strong></span> <span class='ocrx_word' id='word_1_470' title='bbox 466 3582 1293 3663; x_wconf 49' lang='lat' dir='ltr'><strong>alexas-61‹rgduoeerB&#39;xdus-om&#39;chot.</strong></span> <span class='ocrx_word' id='word_1_471' title='bbox 1341 3587 1470 3637; x_wconf 84' lang='lat' dir='ltr'><strong>enim</strong></span> <span class='ocrx_word' id='word_1_472' title='bbox 1500 3587 1575 3635; x_wconf 86' lang='lat' dir='ltr'><strong>ille</strong></span> <span class='ocrx_word' id='word_1_473' title='bbox 1599 3586 1789 3696; x_wconf 51' lang='grc' dir='ltr'><strong><em>εξχων</em></strong></span> <span class='ocrx_word' id='word_1_474' title='bbox 1812 3584 1862 3634; x_wconf 67' lang='grc' dir='ltr'><strong>ὃὶ</strong></span> <span class='ocrx_word' id='word_1_475' title='bbox 1900 3583 2095 3650; x_wconf 72' lang='grc' dir='ltr'><strong>πὸλιμον</strong></span> <span class='ocrx_word' id='word_1_476' title='bbox 2118 3586 2219 3648; x_wconf 70' lang='grc' dir='ltr'><strong>πρὸς</strong></span> <span class='ocrx_word' id='word_1_477' title='bbox 2256 3587 2364 3632; x_wconf 63' lang='lat' dir='ltr'><strong>Tui·</strong></span> 
     </span>
    </p>

    <p class='ocr_par' dir='ltr' id='par_1_9' title="bbox 1342 3654 2368 3707">
     <span class='ocr_line' id='line_1_46' title="bbox 1342 3654 2368 3707; baseline 0.005 -16"><span class='ocrx_word' id='word_1_478' title='bbox 1342 3654 1348 3666; x_wconf 69' lang='lat'><strong>⁶</strong></span> <span class='ocrx_word' id='word_1_479' title='bbox 1696 3666 1726 3707; x_wconf 67' lang='grc'><strong>4</strong></span> <span class='ocrx_word' id='word_1_480' title='bbox 1968 3698 1981 3704; x_wconf 34' lang='grc' dir='ltr'>φ</span> <span class='ocrx_word' id='word_1_481' title='bbox 2249 3665 2368 3703; x_wconf 60' lang='lat' dir='ltr'>&#39;TGY’</span> 
     </span>
    </p>
   </div>
  </div>
 </body>
</html>
