2577 4292
213 116 404 246 ‘5368
666 211 673 219 .
778 149 1272 219 CORNELI
1363 149 1833 264 NEPo’rts

274 304 484 353 autem
519 303 645 354 erat
680 283 929 354 suavitas
964 282 1260 354 sermonis
1302 287 1508 355 Latini
1561 337 1583 367 ,
1674 309 1742 356 ut
1792 278 2110 382 appareret
2151 293 2217 360 in
2256 317 2339 363 eo

184 416 189 427 f
272 382 553 448 nativum
609 379 923 470 quendam
950 437 963 471 Σ
972 376 1252 473 leporem
1310 379 1425 449 elle
1468 431 1490 462 ,
1581 406 1718 449 non
1754 379 2068 453 adscitum.
2161 388 2341 455 Idem

272 477 562 563 po'e‘mata
587 470 1024 563 pronuntiabat
1047 475 1116 539 &
1165 488 1187 520 1
1221 475 1433 542 Graece
1458 526 1480 555 ,
1539 478 1607 541 &
1632 477 1851 544 Latine
1888 472 1971 544 fic
1994 525 2016 555 ‚
2053 500 2146 555 „ut
2170 475 2341 573 supra

269 562 429 632 nihil
451 563 679 677 pollen·
755 563 1006 657 Quibus
1029 563 1209 633 rebus
1223 566 1458 634 factum
1483 567 1600 647 est,
1646 589 1714 636 ut
1741 562 1906 636 Sulla
1935 587 1977 639 ,2
2009 582 2338 664 nunquam

271 681 418 726 eum
466 682 502 724 a
524 654 581 726 se
619 658 951 726 dimitteret
975 707 997 738 ‚
1045 656 1413 752 cuperetque
1437 659 1644 728 secum
1668 663 1998 731 deducere.·
2054 671 2163 758 qui
2190 691 2336 734 cum

269 745 622 842 persuadere
645 771 936 832 tentaret3
997 754 1192 831 Noli,
1238 778 1336 820 oro
1359 773 1447 835 te,
1505 758 1709 847 inquit
1735 757 2124 848 Pomponius
2144 807 2165 837 ,
2224 761 2340 827 ad·-

267 841 506 931 verlicm
539 869 634 911 eos
667 868 762 909 me
798 845 960 911 velle
981 844 1196 912 ducere
1216 894 1237 924 ,
1333 871 1466 912 cum
1508 845 1713 940 quibus
1749 873 1822 914 ne
1858 868 2063 916 contra
2084 871 2141 916 te
2164 874 2337 919 arma

250 933 520 1025 fhrrem,
568 939 813 1007 Italiam
838 938 1073 1032 reliqui.
1164 939 1256 1006 At
1280 938 1444 1009 Sulla
1469 968 1508 1020 ‚ff
1548 936 1941 1010 adolescentis
1963 940 2180 1012 officio
2206 945 2338 1014 col-

267 1027 513 1099 laudato
536 1081 558 1110 ‚
605 1034 822 1099 omnia
845 1055 1104 1100 munera
1130 1035 1187 1099 ei
1210 1083 1230 1112 ,
1280 1056 1421 1125 quae
1444 1033 1714 1111 Athenis
1737 1057 2049 1129 acceperat
2078 1087 2098 1115 ,
2144 1035 2338 1132 profi-

267 1118 491 1192 ciscens
515 1123 676 1215 juffit
707 1123 946 1193 deferri.
1016 1124 1146 1192 Hic
1181 1149 1329 1195 com
1374 1124 1532 1196 lur‘es
1572 1152 1770 1195 annos
1805 1146 2080 1197 moratus
2104 1179 2126 1208 ‚
2187 1155 2338 1200 cum

267 1219 339 1284 δέ
373 1221 461 1286 rei
497 1215 777 1287 familiari
807 1238 1048 1286 tantum
1073 1236 1279 1313 operae
1362 1243 1489 1289 aret
1510 1271 1530 1299 ‚
1625 1242 1931 1313 quantum
1969 1246 2101 1291 non
2129 1223 2339 1292 indili-

266 1333 420 1402 gens
446 1309 698 1381 deberet
720 1309 1149 1404 paterfamilias
1172 1362 1192 1392 ,
1246 1329 1267 1368 ³
1304 1316 1373 1379 δε
1398 1317 1618 1382 omnia
1651 1311 1883 1407 reliqua
1903 1335 2185 1411 tempora
2224 1338 2333 1385 aut

268 1400 451 1491 literis
475 1453 495 1483 ‚
569 1424 671 1473 aut
712 1398 1189 1474 Athenienfium
1226 1407 1350 1475 Rei
1395 1461 1412 1476 .
1466 1405 1760 1477 tribueret
1782 1459 1802 1487 ‚
1881 1407 2083 1476 nihilo
2121 1413 2335 1479 minus

267 1499 481 1564 amicis
506 1496 741 1567 urbana
763 1495 970 1567 officia
994 1496 1277 1592 praestitit.
1349 1430 1525 1570 Klam
1550 1503 1619 1566 δε
1663 1519 1693 1560 4
1727 1503 1805 1569 ad
1829 1506 2084 1570 comitia
2109 1520 2335 1573 eorum

267 1594 586 1660 ventitavit
611 1619 629 1674 ;
678 1595 745 1658 δε
772 1587 818 1657 fi
842 1615 967 1684 qua
990 1616 1084 1660 res
1108 1599 1311 1686 major
1334 1595 1469 1662 asta
1498 1591 1583 1663 est
1608 1643 1628 1671 ‚
1674 1618 1809 1663 non
1836 1593 2073 1668 defuit:
2122 1613 2142 1651 ς
2178 1592 2334 1665 sicut

269 1683 567 1753 Ciceroni
602 1688 670 1752 in
706 1682 1004 1754 omnibus
1041 1690 1169 1777 ejus
1207 1685 1490 1780 periculis
1543 1681 1912 1782 singularem
1952 1686 2141 1757 fidem
2183 1713 2336 1784 prae-

266 1764 403 1844 buir
429 1802 443 1844 ε
501 1781 600 1846 cui
625 1790 705 1846 ex
729 1781 921 1873 patria
944 1777 1252 1872 fugienti,
1311 1781 1484 1849 LLS.
1539 1781 1800 1851 ducenta
1825 1786 1893 1849 δε
1917 1785 2339 1876 quinquagin-

268 1891 330 1937 ta
364 1868 556 1939 millia
591 1875 861 1940 donavit.
956 1881 984 1920 ⁶
1014 1870 1458 1965 Tranquillatis
1510 1876 1742 1941 autem*
1769 1873 1948 1942 rebus
1987 1876 2341 1957 Romaim,

265 1968 421 2030 remi
468 1968 620 2032 ravit
633 1966 949 2044 Romam,
993 1986 1064 2034 ut
1087 1969 1350 2058 opinor,
1400 1983 1425 2023 ⁷
1456 1968 1530 2033 L.
1554 1966 1777 2045 Cotta,
1823 1968 1987 2042 &L
2000 1971 2342 2062 Torquato

269 2055 374 2124 Co
423 2108 438 2124 .
498 2066 522 2104 ⁸
557 2082 752 2151 quem
789 2058 959 2126 diem
997 2054 1077 2126 fic
1116 2054 1389 2130 universa
1427 2063 1633 2129 civitas
1670 2058 2176 2219 Atheniensiums
2190 2084 2347 2153 pro-

2161 2176 2345 2223 ecura

326 2381 349 2414 1
379 2366 513 2415 Graece
538 2368 589 2420 ό·
609 2367 771 2428 Latine.
816 2374 836 2427 ]
900 2366 1127 2434 Scripserat
1162 2368 1285 2416 Grae-
1325 2365 1421 2426 ejus
1455 2363 1810 2415 incommodaret
1843 2398 1860 2421 ,
1918 2363 2071 2436 venire
2095 2362 2346 2425 prohibuit.

263 2443 314 2477 ce
345 2429 402 2477 de
455 2429 681 2479 consulatu
718 2431 953 2479 Ciceronis
1002 2444 1275 2480 commenta-
1335 2446 1373 2476 1.
1410 2435 1552 2477 „Attia
1581 2446 1656 2496 29.
1720 2428 1791 2476 Ad
1833 2426 2088 2477 consulam
2125 2441 2230 2475 eum
2258 2442 2350 2476 vo-

267 2494 425 2549 rium3
468 2495 548 2557 qui
568 2507 718 2546 tamen
750 2492 1001 2541 horridulus
1035 2494 1085 2541 δε
1110 2494 1278 2541 incom-
1325 2504 1406 2538 cat.
1427 2507 1465 2538 1.
1493 2491 1629 2554 Epist.
1645 2509 1689 2541 2.
1735 2494 1949 2540 Heidman.

265 2569 370 2617 ptus
394 2556 602 2605 Ciceroni
628 2552 742 2604 visus
762 2555 826 2604 est
850 2590 864 2614 ,
904 2555 980 2605 lib.
1011 2572 1082 2604 11.
1123 2558 1206 2616 Ep.
1238 2570 1277 2603 1.
1388 2561 1416 2599 6
1479 2559 1588 2600 Tran
1621 2557 1774 2602 uillam
1826 2568 1962 2600 autem
2016 2554 2130 2601 rebus
2187 2560 2347 2614 ‘Roma-

268 2618 320 2665 &
342 2619 424 2668 inf.
469 2622 616 2666 Schon.
1324 2619 1395 2663 nis.
1428 2623 1448 2674 ]
1514 2623 1593 2662 Ποι
1619 2618 1792 2675 ›ra-excire.
1846 2617 1997 2663 Vtitur
2016 2617 2067 2666 St
2092 2616 2138 2664 in
2160 2617 2350 2678 Topicis

333 2698 361 2728 2
424 2688 645 2742 Nunquam
695 2697 786 2727 eum
822 2684 869 2729 ab
900 2682 945 2742 ft
995 2682 1225 2728 dimitteret.
1257 2686 1276 2738 ]
1322 2679 1527 2725 Cicero:
1591 2686 1639 2726 Vt
1661 2691 1733 2725 aut
1758 2680 2034 2737 perturbentur
2056 2682 2183 2725 animi
2208 2710 2224 2732 ,
2263 2691 2345 2727 aut

267 2746 374 2792 Erat
423 2745 545 2791 enim
576 2744 626 2790 δε
660 2739 754 2805 ipse
793 2744 907 2792 Sulla
941 2744 1078 2790 literis
1117 2743 1279 2789 Graecis
1324 2743 1648 2803 tranqmllemur.
1712 2742 1772 2785 Et
1805 2744 1961 2789 Horat.
2001 2739 2127 2802 epist.
2170 2753 2346 2802 xvxix.

271 2817 405 2868 atque
456 2807 621 2854 Latinis
667 2805 783 2864 iuxta
834 2805 1083 2868 doaissime
1123 2803 1275 2860 serudi-
1327 2801 1403 2849 lib.
1436 2816 1477 2849 1.
1509 2804 1659 2850 Schott.

269 2880 343 2916 tus
364 2902 379 2924 ,
423 2871 540 2926 anim
602 2869 771 2931 ingenti
797 2902 811 2924 ,
866 2867 1050 2929 cupidus
1078 2868 1186 2915 volu
1220 2879 1281 2913 ta-
1389 2879 1414 2919 7
1462 2868 1514 2914 L.
1551 2866 1696 2920 cotra,
1729 2865 1782 2918 θ
1812 2869 1864 2913 L.
1892 2868 2095 2926 Torquato
2122 2897 2139 2920 ,
2201 2867 2293 2925 affl
2323 2874 2350 2926 J

268 2944 373 2980 tum
396 2963 411 2985 ,
473 2930 518 2980 se
571 2932 721 2996 gloriae
744 2930 942 2993 cupidior
968 2965 983 2987 ,
1046 2929 1175 2977 facun
1207 2944 1282 2984 us,
1325 2930 1461 2974 Anno
1515 2932 1570 2975 V.
1617 2931 1677 2975 C.
1722 2937 2064 2980 ncrxxxv111.1
2134 2933 2352 2991 Qiorum

266 2994 448 3043 callidus
483 2996 537 3043 &
561 2994 745 3043 amicitia
766 2993 915 3041 facilis.
955 2993 1172 3054 Sallustius
1205 2991 1283 3054 Ju-
1327 2989 1579 3055 Consulum
1645 2992 1854 3039 meminit
1920 2990 1972 3037 &
2042 2992 2089 3038 in
2164 2992 2353 3042 catilin.

267 3057 416 3121 gutth.
647 3075 651 3081 ·
740 3111 743 3116 ,
1328 3055 1453 3103 tertia
1474 3086 1489 3109 ,
1534 3052 1586 3100 &
1609 3054 1789 3116 Agraria
1817 3069 1888 3103 ιι.
1950 3054 1995 3102 in
2027 3053 2233 3110 Rullum.
2299 3061 2351 3104 l-

333 3138 355 3177 3
424 3125 482 3168 Et
511 3124 643 3167 omnia
677 3122 829 3182 reliqua
868 3129 1040 3177 tempora
1085 3130 1158 3164 aar
1191 3120 1280 3165 lite·
1324 3120 1430 3166 dem.

269 3188 347 3232 ris.
384 3190 402 3240 ]
464 3180 753 3243 Philosophia:
776 3182 1009 3242 Epicureae.
1073 3184 1202 3228 cicero
1223 3179 1283 3228 de
1390 3186 1413 3224 8
1462 3181 1598 3236 Quem
1621 3182 1743 3228 diem.
1786 3186 1808 3239 ]
1867 3179 2043 3229 Fulvius
2069 3177 2248 3229 Vrfinus
2274 3182 2349 3229 ab·

266 3244 481 3310 Legibus,
640 3277 645 3284 f
1279 3249 1287 3279 Ι
1327 3256 1482 3289 euntem
1536 3235 1625 3290 istis
1671 3241 1790 3292 binis
1838 3240 2019 3289 vocibus
2071 3241 2349 3303 praefetebat.
2411 3285 2414 3290 .

330 3327 359 3367 4
397 3311 484 3356 ,Ad
509 3309 663 3355 comitia
686 3321 821 3353 eorum
840 3309 1074 3354 ventitavit.
1121 3311 1141 3363 ]
1200 3305 1281 3353 Ci—
1327 3302 1533 3367 Rutgers.
1559 3305 1636 3355 lib.
1671 3323 1745 3355 11.
1805 3305 1965 3358 variat.
2015 3304 2141 3353 Lest.
2178 3319 2269 3369 cap.
2302 3315 2349 3355 8.

265 3383 372 3418 ceto
395 3370 472 3418 lib.
504 3387 543 3419 1.
567 3366 706 3431 Epist.
727 3384 773 3417 x.
809 3367 860 3417 ad
883 3370 1022 3418 Attic.
1333 3370 1610 3428 Discedentem
1634 3370 1696 3427 fic
1718 3370 1917 3422 universa.
1982 3371 2047 3427 At
2071 3366 2107 3415 fi
2130 3383 2238 3417 meo
2263 3368 2351 3417 sta⁴

329 3449 352 3489 ς
387 3436 501 3480 Sicut
528 3435 695 3479 Ciceroni
713 3436 758 3479 in
785 3435 976 3480 omnibus.
1018 3438 1037 3490 ]
1103 3428 1180 3480 Ad
1209 3444 1285 3478 co·
1333 3442 1453 3479 retur
1478 3428 1655 3479 arbitrio
1685 3465 1701 3487 ‚
1763 3431 1944 3478 mallem
1984 3429 2177 3493 iugulare
2208 3446 2352 3480 vocu-

265 3496 388 3544 mitia
437 3508 588 3543 tamen
629 3492 699 3543 sua
743 3497 946 3545 Praetoria
987 3495 1152 3544 Cicero
1180 3506 1285 3540 eum
1329 3494 1416 3541 lam
1445 3496 1551 3541 diem
1568 3508 1674 3544 cum
1697 3493 1903 3543 Antonio
1919 3492 2171 3558 Augustino
2195 3499 2249 3545 V.
2270 3495 2353 3546 cl.

262 3573 358 3609 non
394 3558 564 3607 vocavit
591 3573 608 3613 3
660 3559 810 3607 immo
837 3592 852 3616 ‚
915 3572 974 3608 ne
1011 3556 1121 3623 quid
1161 3556 1293 3607 rebus
1330 3558 1527 3606 Gebhard.
2301 3624 2349 3669 n

2240 3633 2262 3668 ι

928 3681 936 3708 i

2441 3689 2460 3732 l
