2577 4292
336 148 465 240 298
833 157 1345 230 CoRNELI
1436 129 1904 235 NEPo'rrs

328 283 626 356 stutentia
663 288 929 382 cognita.
1025 288 1273 360 Nullius
1307 304 1589 387 unquam
1640 292 1963 366 consilium
2014 323 2150 371 non
2194 312 2388 382 modo

326 379 662 449 antelatum
688 431 707 460 ‚
761 379 866 450 {ed
899 406 980 452 ne
1016 392 1447 477 comparatum¹
1482 389 1737 481 quidem
1774 390 1905 460 esti
1949 417 2158 487 neque
2174 403 2243 471 id
2267 429 2388 474 ma..

228 499 285 575 4
327 476 424 567 gis
464 472 894 543 benevolentia
931 473 1165 545 factum
1204 478 1320 559 est,
1368 506 1560 584 quam
1639 484 1936 567 rudentia.
2031 492 2160 560 Hic
2194 521 2379 592 quum

327 588 502 635 aetate
536 573 663 660 jam
700 570 1024 662 ptovcstus
1060 568 1204 640 esset
1225 622 1246 651 ,
1313 590 1334 622 ¹
1381 579 1506 643 line
1551 600 1592 643 u
1615 573 1678 644 lo
1717 577 1948 647 morbo
1981 576 2219 660 lumina
2243 616 2379 661 ocu-

326 657 533 729 lorum
594 657 807 738 amilit.
878 685 1070 755 quam
1121 663 1527 736 calamitatem
1558 672 1661 737 ‘ita
1708 672 2021 741 moderate
2067 679 2207 752 tulit
2220 706 2251 767 ⁴,
2319 686 2381 754 ut

327 776 535 846 neque
572 777 718 823 eum
753 778 1119 849 querentem
1170 756 1492 853 quisquam
1542 763 1799 832 audierit
1819 815 1841 845 ,
1899 791 2101 861 neque
2149 801 2228 844 eo
2268 781 2380 845 mi-

330 870 449 915 nus
485 847 731 940 privatis
768 845 1145 944 publicisque
1181 852 1362 921 rebus
1419 854 1778 928 intetfiletit.
1869 874 1897 906 2
1931 866 2235 938 Veniebat
2283 894 2384 938 au.

329 961 464 1009 tem
506 943 573 1007 in
612 939 922 1010 theatrum
945 993 968 1022 ‚
1029 966 1226 1037 quum
1272 945 1362 1015 ibi
1398 948 1732 1018 concilium
1766 954 1982 1048 populi
2019 954 2376 1043 haberetur,

334 1049 359 1089 3
394 1054 644 1127 propter
695 1034 1108 1105 valetudinem
1156 1041 1369 1108 vetitus
1416 1047 1709 1134 jumentis
1749 1048 1972 1139 junCtis
1997 1098 2017 1127 ,
2088 1076 2272 1149 atque
2306 1059 2385 1125 ita

331 1125 410 1193 de
445 1126 733 1195 vehiculo
754 1177 775 1208 ,
833 1152 971 1221 quae
1005 1128 1371 1203 videbantur
1404 1184 1426 1215 ‚
1497 1134 1738 1211 dicebat
1774 1165 1792 1219 3
1865 1165 2069 1238 neque
2118 1149 2246 1219 hoc
2282 1149 2381 1218 ulli

333 1216 656 1314 quisquam
689 1218 1000 1290 tribuebat
1046 1220 1357 1316 superbiae.
1452 1247 1486 1288 4
1516 1228 1702 1298 Nihil
1749 1236 1919 1301 enim
1961 1261 2237 1331 unquam
2277 1267 2382 1311 ne-

331 1335 456 1404 que
481 1310 778 1390 insolens,
823 1338 1028 1476 neque
1050 1316 1386 1410 gloriosum
1413 1344 1491 1390 ex
1516 1347 1626 1392 ore
1660 1330 1788 1415 ejus
1824 1330 1990 1400 exiit.
2080 1335 2214 1427 Qii
2249 1339 2383 1428 qui·-

326 1406 475 1472 dem
525 1420 723 1500 quum
774 1401 902 1475 suas
962 1413 1147 1478 audes
1182 1416 1416 1482 audiret
1449 1419 1756 1510 praedicari
1782 1467 1829 1496 ‚-
1872 1446 2193 1520 nunquam
2227 1427 2387 1496 aliud

328 1498 484 1566 dixit
507 1549 527 1577 ,
588 1523 779 1595 quam
827 1517 849 1556 5
869 1499 939 1591 se
974 1510 1039 1568 in
1073 1528 1141 1571 ea
1176 1531 1243 1574 re
1275 1515 1572 1576 maximas
1591 1509 1714 1577 diis
1725 1519 1956 1605 gratias
1976 1543 2177 1615 agere,
2222 1544 2389 1617 atque

327 1588 566 1674 habere,
611 1593 769 1689 quod
789 1618 966 1686 quum
987 1598 1258 1668 Siciliam
1279 1625 1540 1669 recreare
1563 1604 1958 1696 constituiffint
1981 1662 2000 1690 ‚
2045 1633 2170 1679 tum
2193 1613 2263 1704 se
2290 1638 2394 1714 po-

328 1684 608 1775 tisfimum
640 1687 984 1776 dmmff’
1015 1692 1335 1784 volusffi’nt.
1427 1695 1612 1764 Nihil
1648 1705 1819 1769 enim
1855 1728 2058 1773 rerum
2101 1707 2396 1777 humana-

328 1803 472 1848 rum
497 1777 623 1851 fine
648 1784 911 1851 deorum
948 1788 1207 1857 numine
1263 1791 1422 1884 ‘agi
1459 1790 1729 1886 putabat.
1821 1798 2033 1891 Itaque
2068 1793 2182 1868 suae
2218 1804 2396 1871 domi

332 1886 359 1929 ⁷
389 1868 673 1944 sacellum
710 1881 1118 1970 Αὐτοματίας
1154 1883 1545 1955 constituerat
1563 1934 1584 1964 ‚
1631 1889 1819 1983 idque
1842 1885 2206 1964 sanstiffime
2233 1895 2396 1964 cole-

2277 1987 2401 2058 bat.

395 2211 418 2243 r
450 2198 547 2244 Sine
582 2197 666 2242 ullo
709 2197 839 2245 morbo
881 2200 1035 2247 lumina
1072 2204 1272 2250 mulorum
1300 2220 1346 2264 ᾳ-
1389 2206 1562 2269 Appius
1591 2204 1797 2254 Claudius
1820 2204 1866 2254 in
1889 2207 2001 2257 Hist.
2016 2211 2234 2257 Romana,

330 2258 474 2318 nulla]
502 2256 791 2308 Plutarchus:
840 2258 914 2312 Mn
953 2264 1263 2328 mmmm&
1293 2267 1345 2315 ὢν
1451 2287 1482 2327 4
1511 2273 1627 2317 Nihil
1668 2275 1768 2316 enim
1812 2287 1992 2330 unquam
2036 2290 2158 2334 neque
2202 2274 2399 2330 inlblens,

330 2321 630 2383 ὀπημξλώθκ
654 2325 731 2374 ’τὴν
754 2317 853 2386 ἷψιν
876 2359 890 2381 ,
919 2318 1023 2374 εἶτα
1045 2330 1206 2383 τελέως
1239 2329 1344 2391 ‘gnu-
1388 2348 1510 2393 neque
1534 2335 1785 2392 gloriosum]
1815 2336 2027 2384 Meminit
2067 2339 2100 2383 1.
2136 2335 2311 2398 Lipfius
2351 2338 2397 2385 in

330 2385 456 2444 μέθη
490 2385 585 2449 μοἹ·
617 2387 779 2448 ὀλίγον.
837 2388 916 2437 Est
963 2403 1109 2438 autem
1137 2394 1344 2443 διαςολῆ.
1385 2406 1484 2441 not.
1507 2393 1559 2440 ad
1584 2393 1665 2444 lib.
1694 2410 1869 2458 11.cap.
1887 2398 2277 2454 15.Politicorum.

328 2449 441 2496 Sunt
490 2450 613 2498 enim
651 2453 807 2497 lumina
839 2454 939 2511 sblis
959 2485 974 2507 ‚
1030 2458 1188 2502 lumina
1228 2461 1337 2502 vit-e.
1452 2472 1473 2510 5
1508 2458 1560 2503 Se
1598 2463 1639 2504 in
1670 2475 1715 2503 ea
1750 2475 1793 2504 re
1823 2465 1920 2506 Diis
1980 2469 2179 2507 maximas
2211 2495 2226 2516 ,
2291 2464 2401 2522 θα]

328 2514 504 2561 Lucret.
537 2511 618 2561 lib.
639 2525 742 2560 111.
773 2517 949 2559 Lumina
953 2515 1010 2571 sts
1023 2520 1171 2571 oculis,
1200 2515 1244 2563 id
1257 2515 1337 2571 est,
1387 2516 1530 2563 Re&e
1577 2518 1744 2566 additur
1796 2521 2050 2582 prazpofitio
2089 2538 2186 2585 quae
2224 2526 2271 2571 in
2317 2539 2402 2573 no·

318 2575 492 2635 suorum
518 2580 720 2628 acutorum
740 2605 754 2627 ,
800 2587 849 2621 ut
881 2576 1187 2636 interpretatur
1212 2583 1342 2623 Lam·
1390 2578 1579 2627 viss'imis
1652 2580 1923 2639 editionibus
1986 2599 2079 2630 non
2151 2600 2399 2650 comparet.

328 2637 457 2683 binus.
488 2637 667 2685 Multos
697 2636 775 2696 qui
798 2636 848 2682 &
870 2636 1009 2683 oculis
1034 2639 1146 2700 capti
1160 2637 1342 2695 fuerint,
1390 2655 1480 2687 non
1514 2644 1635 2687 enim
1674 2641 1824 2689 dicunt
1859 2645 2001 2692 Latini
2031 2677 2046 2699 ‚
2086 2648 2259 2693 Gratiai
2293 2666 2405 2713 agere

330 2693 651 2759 moderateque
672 2711 777 2744 eum
801 2695 947 2745 casum
982 2701 1165 2747 tulerint
1189 2734 1204 2757 ,
1233 2715 1341 2748 enu·
1386 2707 1524 2761 aliqua
1558 2721 1614 2749 re.
1654 2700 1728 2751 sed
1754 2708 1797 2750 in
1821 2706 1963 2765 aliqua
1991 2725 2047 2754 re.
2083 2711 2130 2754 de
2153 2709 2203 2755 &
2235 2725 2331 2772 pro.
2355 2713 2404 2760 iu

328 2771 470 2808 metat
506 2761 669 2808 Cicero
703 2755 883 2807 Tuscul.
922 2774 964 2809 v.
996 2760 1046 2808 &
1080 2767 1221 2812 Marc.
1244 2767 1345 2826 Spa·
1418 2763 1545 2811 uibus
1577 2767 1744 2814 vocula:
1773 2764 1856 2813 iuae
1894 2767 2016 2816 idem
2052 2770 2176 2831 quod
2199 2786 2403 2837 propter.

327 2819 515 2870 latenfis.
546 2824 696 2869 Schott.
1422 2842 1447 2873 c
1472 2842 1546 2881 25.
1567 2842 1637 2874 tx.
1653 2836 1696 2876 6.
1736 2830 1856 2878 Cavit
1885 2849 1932 2877 ne
1964 2836 2103 2892 aliqua
2129 2839 2171 2881 in
2188 2854 2233 2881 re
2254 2842 2403 2897 plec‘le·

394 2900 421 2932 2
455 2887 635 2932 Veniebat
660 2896 795 2931 amem
816 2888 860 2931 in
896 2888 1111 2944 theatrum.
1143 2892 1163 2945 ]
1222 2890 1343 2936 Nam
1386 2903 1509 2937 retur.
1541 2887 1601 2938 fic
1626 2910 1672 2951 4.
1700 2907 1746 2940 2.
1777 2899 1820 2939 6.
1849 2896 1892 2939 in
1915 2910 1992 2958 quo
2008 2896 2121 2955 saffo
2147 2902 2315 2945 domum
2341 2918 2404 2946 re·

328 2948 496 2996 Gtaecis
529 2947 581 2994 &
619 2945 932 2995 Graecienfibus
983 2947 1200 3012 plerisque
1234 2956 1344 3006 rhea·
1384 2967 1561 3000 vocatus.
1586 2972 1631 3013 4.
1664 2970 1703 3002 1.
1730 2970 1771 3008 3.
1804 2970 1822 3002 1
1834 2972 1876 3011 ς.
1908 2972 1980 3007 10.
2009 2964 2082 3007 16.
2107 2965 2339 3024 reprehendi
2359 2967 2404 3011 in

330 3024 446 3057 trum
469 3024 551 3071 pro
564 3011 675 3059 curia
695 3044 709 3066 ,
737 3009 868 3066 foro,
896 3012 1090 3060 comitio
1101 3012 1200 3060 fuit.
1230 3011 1343 3062 Vide
1381 3018 1529 3079 alique
1546 3034 1600 3063 re.
1631 3016 1846 3067 vorstius,

330 3074 386 3126 Li
419 3072 534 3123 lium
556 3073 609 3122 ad
633 3072 872 3122 Taciti'rr.
909 3073 1021 3122 Hist.
1052 3078 1265 3141 Bernegg.
1292 3076 1344 3123 ad
1451 3086 1478 3125 6
1508 3083 1648 3142 agn]
1701 3085 1802 3128 Geri
1840 3085 1942 3131 Vct.
1964 3083 2131 3154 'Codex
2153 3084 2202 3131 ὃ(
2235 3085 2399 3146 vltraj.

331 3140 384 3184 lu
424 3138 483 3187 in.
520 3153 660 3186 xxrr.
693 3152 747 3185 2.
790 3139 859 3185 10.
889 3137 1099 3186 fricatum
1143 3153 1243 3194 not.
1292 3138 1344 3202 ad
1382 3153 1433 3189 ut
1458 3139 1573 3205 supr.
1598 3144 1642 3190 in
1665 3145 1817 3193 Dione
1839 3145 1890 3193 δε
1915 3148 2050 3195 Attici
2075 3151 2176 3195 vita.
2211 3151 2365 3197 Schon.

265 3201 272 3204 ’
332 3198 707 3254 Astot.xtx.29.
736 3200 884 3259 Bostar.
1233 3211 1256 3219 ⁷*
1338 3205 1344 3212 '
1424 3211 1474 3261 =7
1507 3208 1706 3254 Sacellum
1771 3209 2114 3271 Αὐτομάτίαις.]
2171 3210 2402 3272 Αὐτομα-

397 3279 419 3317 3
456 3269 619 3326 Propter
669 3265 944 3310 valetudinem
993 3242 1132 3312 mbas
1170 3268 1333 3325 jumen·
1385 3268 1469 3315 cria
1494 3302 1509 3325 ,
1563 3272 1672 3318 Deae
1715 3284 1896 3319 nomen.
1961 3270 2072 3320 Vide
2118 3273 2401 3322 Plutarchum

332 3324 385 3371 τὺ
405 3329 615 3386 jandin]
643 3329 771 3386 Supra
797 3327 843 3373 iu
871 3326 1126 3375 Phocione:
1152 3342 1344 3392 cumpro·
1385 3331 1482 3390 περὶ
1512 3329 1774 3394 εἱμαρμένης
1799 3350 1811 3379 :
1856 3334 1905 3381 &
1944 3334 2187 3397 Gyraldum
2212 3337 2257 3385 in
2282 3338 2396 3386 Hist.

327 3398 417 3448 pter
443 3402 595 3438 atatem
613 3392 874 3452 pedibusjam
907 3408 981 3438 non
1021 3394 1175 3440 valeret
1195 3425 1210 3448 ,
1270 3409 1343 3439 ve·
1385 3396 1589 3442 Deorum
1614 3428 1629 3452 ,
1679 3399 1903 3459 syntagm.
1937 3405 2008 3445 16.
2038 3401 2150 3446 Non
2173 3399 2403 3462 assequun-

331 3450 536 3513 hiculoque
563 3464 801 3514 portaretur.
864 3456 999 3502 Savat.
1033 3455 1090 3500 0·
1122 3454 1172 3502 si
1210 3472 1343 3514 κομι·
1385 3467 1459 3504 tur
1480 3472 1604 3512 rem,
1648 3459 1726 3520 qui
1756 3473 1826 3519 per
1848 3460 2012 3517 casum,
2042 3460 2159 3517 five,
2188 3474 2237 3511 ut
2269 3467 2402 3511 Lam·

305 3510 537 3573 1C6pm&
574 3514 623 3563 δί
662 3517 829 3577 ἀγοραῖς
864 3516 944 3565 ἐπὶ
990 3515 1152 3579 ζεῦγκς
1172 3550 1188 3574 ,
1242 3517 1344 3577 πρὸς
1387 3518 1540 3577 binus,
1568 3534 1638 3583 per
1660 3522 1794 3580 casum
1812 3522 2037 3581 fortuitum
2063 3538 2250 3574 vertunt.
2297 3529 2405 3573 Me-

337 3591 391 3627 το
416 3574 611 3639 θέατρον
638 3577 886 3641 impedemi-
916 3581 1123 3631 Plutarch.
1183 3581 1347 3636 Similis
1386 3583 1468 3631 lius
1488 3581 1736 3645 Xylandet,
1763 3588 1923 3633 Fortem
1949 3590 2188 3637 Fortunam.
2240 3587 2407 3698 Cgffi
