2577 4292
320 195 445 289 388
764 164 1304 291 ‚Continui
1396 190 1872 265 Nero-trs

231 341 492 407 16nem.
587 332 1006 409 Humanitatis
1031 357 1180 403 vero
1204 328 1449 401 nullum
1472 327 1685 402 afferre
1724 338 1924 423 majus
1961 329 2399 409 testimonium

322 426 568 522 polsum
589 475 611 506 ,
706 450 896 520 quam
910 429 1086 518 quod
1107 421 1455 495 adolescens
1503 441 1525 474 ¹
1562 427 1730 495 idem
1752 419 1879 494 leni
1904 423 2088 495 Sullae
2112 424 2404 523 fueritju-,

325 518 723 589 cundissimus
746 569 767 599 ,
824 514 1006 586 senex
1045 516 1409 590 adolescenti
1436 519 1532 587 M.
1547 522 1733 587 Bruto
1756 567 1777 597 ,
1871 542 2019 586 cum
2058 521 2398 614 aequalibus

236 662 239 667 -
328 636 533 704 autem
559 608 675 680 suis
730 608 1185 703 QHottensto
1211 663 1232 693 ,
1294 616 1364 678 δ(
1401 614 1498 680 M.
1529 612 1839 681 Cicerone
1880 609 1961 679 stc
1996 617 2264 694 vixerit,
2324 639 2395 686 ut

326 708 591 798 judicare
634 701 882 773 difficile
929 700 1001 773 fit
1028 755 1048 784 ,
1117 707 1214 773 cui
1264 709 1424 773 aetati
1467 702 1649 774 fixerit
1695 701 2077 798 aptissimus:
2139 712 2398 800 'quarn-

324 822 517 891 quam
554 820 703 866 eum
725 801 1030 892 praecipue
1068 798 1281 867 dilexit
1325 798 1553 866 Cicero
1596 848 1616 877 ,
1709 818 1777 865 ut
1803 821 1885 866 ne
1921 796 2103 868 frater
2129 803 2394 892 quidem

323 897 382 958 ei
409 893 720 983 Qinftus
746 894 939 960 carior
964 889 1144 960 fuerit
1168 942 1188 971 ,
1281 912 1388 961 aut
1424 889 1796 959 familiarior.
1890 893 1963 959 Ei
1989 896 2073 960 rei
2114 888 2246 962 sunt
2289 898 2390 964 in-

322 985 487 1052 dicio
510 1034 531 1064 ,
576 1006 791 1078 praeter
827 1007 936 1052 eos
962 981 1154 1053 libros
1179 1035 1200 1064 ,
1238 981 1314 1051 'in
1341 982 1566 1077 quibus
1590 985 1667 1053 de
1695 1008 1774 1051 eo
1804 981 1945 1051 facit
1971 989 2392 1069 mentionem,

369 1079 432 1144 ui
461 1079 524 1144 in
547 1075 768 1173 vulgus
804 1073 941 1145 sunt
975 1077 1167 1155 editi,
1231 1089 1258 1121 2
1291 1074 1596 1144 stxdecnn
1634 1074 1954 1146 volumina
1997 1077 2392 1172 epistolarum

322 1100 404 1237 Q
433 1166 775 1239 Consulatu
812 1177 941 1262 ejus
965 1165 1150 1263 usque
1196 1167 1270 1236 ad
1319 1186 1670 1240 extremum
1696 1190 1940 1271 tempus
1984 1175 2058 1237 ad
2105 1173 2392 1245 Atticum

315 1259 667 1332 mistarum:
712 1287 851 1356 quae
878 1264 985 1354 qui
1009 1260 1173 1355 legat
1196 1312 1217 1341 ,
1277 1261 1719 1331 nonffmultum
1741 1264 2034 1333 deindetet
2062 1262 2389 1342 historiam

317 1362 677 1425 contextam
699 1379 918 1425 eorum
943 1376 1303 1448 temporum
1350 1380 1367 1422 z
1459 1351 1542 1422 fic
1579 1359 1749 1424 enim
1786 1360 2003 1427 omnia
2052 1352 2127 1425 de
2172 1357 2392 1428 studiis

319 1451 669 1545 principum
704 1501 724 1529 ,
781 1451 942 1517 vitiis
981 1449 1207 1517 ducum
1236 1497 1257 1526 ,
1318 1472 1391 1518 ac
1439 1447 1887 1517 mutationibus
1922 1447 2192 1543 Reipub.
2249 1474 2392 1537 per-

322 1544 533 1635 scripta
554 1542 689 1611 fimt
711 1593 732 1622 ,
785 1564 853 1610 ut
890 1540 1048 1610 nihil
1083 1545 1149 1610 in
1191 1541 1288 1611 his
1315 1566 1447 1610 non
1473 1563 1755 1634 appareat
1783 1567 1801 1622 ς
1889 1547 1960 1612 &
1987 1540 2158 1613 facile
2183 1545 2387 1613 existi-

321 1637 476 1703 mari
501 1633 685 1728 poffit
710 1685 730 1715 ‚
788 1636 1173 1730 prudentiam
1217 1635 1697 1727 quodammodo
1754 1628 1870 1702 effi:
1910 1636 2383 1707 divinationem.

301 1727 485 1804 ,Non
510 1733 679 1797 enim
704 1728 930 1797 Cicero
957 1750 1029 1796 ea
1053 1723 1250 1796 solum
1274 1778 1297 1807 ‚
1355 1751 1493 1821 quae
1521 1731 1666 1796 vivo
1704 1721 1761 1799 se
1786 1729 2133 1798 acciderunt
2158 1779 2180 1808 ,
2228 1747 2250 1784 ³
2288 1728 2387 1798 fu-

322 1841 454 1891 tura
476 1824 754 1915 praedixit
777 1872 798 1903 ‚
853 1817 953 1891 sed
997 1824 1183 1890 etiam
1208 1870 1229 1901 ‚
1290 1845 1429 1915 quae
1452 1845 1618 1891 nunc
1643 1820 1745 1891 usu
1767 1823 2023 1892 veniunt
2046 1872 2067 1903 ‚
2125 1824 2385 1904 cecinit,

2313 1937 2389 1985 ut

313 2188 451 2234 ‘itatis
479 2217 495 2242 ,
542 2188 753 2252 dilgenu’ae
771 2222 787 2246 ,
831 2190 1023 2251 religionis
1046 2221 1061 2244 ,
1109 2200 1227 2251 neque
1264 2198 1327 2227 me
1376 2179 1576 2256 exempla
1599 2179 1763 2246 collegi
1785 2183 1968 2246 Augurii
1992 2183 2042 2232 &
2084 2181 2284 2232 vaticinii
2306 2185 2403 2235 Ci-

316 2250 389 2295 tibi
421 2281 437 2305 ,
497 2265 622 2314 neque
653 2267 896 2316 quemquam
931 2264 1123 2312 antepono.
1187 2243 1328 2296 Habet
1374 2260 1558 2295 cetoms.
1590 2244 1723 2294 Libro
1748 2257 1800 2292 vt
1815 2260 1830 2291 t
1845 2261 1887 2294 1.
1942 2243 2079 2312 Epist.
2106 2260 2182 2293 xt.
2232 2247 2399 2307 προθε-

320 2309 416 2362 Ms-
437 2315 591 2370 judicio
603 2315 756 2375 fugiffi
776 2319 929 2364 divino.
980 2312 1064 2361 Sed
1088 2308 1328 2373 quomodo
1379 2310 1571 2372 rwigb,
1610 2308 1730 2368 noster
1753 2313 1905 2356 „Attice
1926 2333 1944 2366 ‚=
1983 2328 2056 2357 non
2080 2311 2252 2355 arioldus
2276 2325 2291 2363 3
2338 2323 2393 2356 nt

318 2374 370 2422 in
396 2372 557 2423 talibus
581 2375 779 2427 divinitas
798 2414 813 2436 ‚
852 2391 944 2425 non
978 2387 1220 2424 eventuum
1248 2385 1330 2433 po-
1375 2375 1452 2420 illo
1469 2405 1484 2428 ‚
1538 2376 1604 2419 cui
1624 2389 1732 2418 nemo
1771 2373 1939 2419 crodidaet
1978 2367 2244 2431 (Caffandta
2269 2370 2391 2421 scili-

319 2438 408 2485 tius
450 2441 673 2488 variorum
708 2440 865 2489 affidua
901 2440 950 2485 &
993 2437 1226 2498 multiplex
1256 2448 1327 2480 ru·
1373 2447 1442 2483 cet
1462 2437 1478 2494 2
1496 2436 1570 2496 sed
1590 2436 1808 2495 conjedura
1828 2436 2069 2499 prespiciens.
2177 2435 2182 2440 “

318 2501 508 2549 minatio
542 2502 751 2555 iudicium
783 2502 966 2551 stabiliat
997 2504 1015 2547 ἓ
1075 2503 1228 2558 ltaque
1256 2497 1327 2543 fe-
1435 2499 1617 2560 Jamque
1641 2501 1747 2543 mari
1768 2511 1919 2559 magno.

317 2577 424 2611 ceto
446 2596 463 2618 ,
512 2567 674 2625 judicio
698 2566 846 2626 fugxffe
876 2567 1044 2609 diutino.
1105 2565 1327 2607 Fontanus
1373 2578 1450 2606 non
1475 2564 1601 2606 multo
1619 2565 1792 2622 ¹inquam
1805 2561 1916 2618 secus
1945 2563 2100 2623 poffum
2119 2560 2334 2606 vaticinari
2362 2576 2382 2605 .·

316 2623 395 2673 lib.
417 2641 517 2673 ιιι.
561 2626 815 2675 Analestor.
851 2639 939 2687 cap.
960 2633 1031 2673 ιτ.
1374 2626 1504 2669 Tanta
1542 2623 1745 2667 malorum
1778 2625 1970 2678 impendet
2016 2623 2168 2675 ι’λιοίς.
2231 2624 2290 2666 Et
2319 2621 2381 2668 li·-

294 2689 297 2692 ’
385 2703 405 2734 1
439 2691 554 2733 Idem
568 2690 657 2746 seni
678 2691 813 2735 Sullae.
848 2693 867 2743 J
929 2686 1040 2734 Vide
1064 2683 1202 2746 suprad
1373 2681 1455 2730 bro
1471 2698 1604 2730 v111.
1636 2682 1763 2742 epist.
1793 2697 1896 2732 ιιι.
1960 2690 2018 2732 Et
2039 2685 2071 2731 ὰ
2093 2701 2156 2731 me
2180 2681 2233 2741 est
2262 2682 2383 2742 (tute

375 2764 405 2797 2
467 2750 675 2808 Seadecim
726 2753 932 2797 volumina
994 2747 1258 2810 epistolarum.
1313 2751 1332 2804 ]
1361 2747 1476 2805 scis)
1513 2756 1671 2804 propter
1696 2745 1956 2805 suspicionem
1992 2751 2112 2808 hujus
2154 2747 2387 2805 mendon-

313 2817 523 2873 Qotum
559 2808 689 2859 seties
732 2813 915 2859 nullam
941 2824 1108 2872 partem
1153 2804 1325 2860 amiffi,
1368 2810 1421 2854 tis
1439 2807 1670 2867 tempestatis
1691 2810 1818 2854 mutto
1839 2822 1930 2855 am
1956 2812 2175 2871 prwffum.
2236 2807 2379 2869 Epist.

349 2872 544 2921 tistinum
596 2872 736 2922 adhuc
785 2869 916 2922 nobie
955 2872 1158 2920 ordinem·
1199 2870 1322 2918 exhi·
1369 2883 1426 2915 ,τι
1439 2884 1476 2915 1.
1508 2869 1754 2929 Scripsbram
1779 2886 1844 2916 eas
1874 2872 2011 2920 limas
2041 2904 2057 2927 ,
2099 2884 2273 2934 quarum
2295 2887 2380 2916 va·

376 2949 409 2984 t.
476 2940 680 2984 Volumina
704 2948 827 2984 vocat
856 2968 871 2995 ,
932 2935 1058 2999 quod
1093 2937 1209 2983 olim
1237 2933 1321 2979 cit-
1345 2936 1630 3021 'ticinationem
1654 2933 1811 2993 salsam
1852 2934 1925 2993 effi
1964 2940 2094 2996 cupio.
2159 2930 2298 2980 Libro
2324 2947 2384 2982 x.

314 2998 548 3048 cumvolvi
572 2999 743 3055 (olent,
770 2999 929 3061 quaein
941 2999 1107 3053 charta,
1137 2994 1321 3044 autscri—
1363 2993 1484 3055 epist.
1514 3008 1652 3044 v111.
1685 3000 1740 3042 Et
1760 3007 1926 3054 tamen,
1954 3002 2015 3045 mi
2044 2999 2217 3049 Attice,
2244 3010 2380 3057 augu-

314 3076 398 3126 pto
420 3062 573 3110 codice
596 3061 867 3110 haberentur.
936 3066 1143 3109 Volumina
1187 3059 1320 3105 etiam
1365 3063 1429 3104 ria
1451 3075 1601 3123 quoque
1624 3074 1689 3105 me
1721 3062 1888 3105 unitam
1913 3089 1934 3114 ,
1993 3062 2170 3122 quadam
2197 3057 2270 3117 spe
2294 3075 2378 3105 non

314 3126 478 3175 Plinius
518 3127 754 3175 avunculus
785 3124 924 3173 libros
958 3120 1060 3171 suos
1092 3122 1148 3170 de
1177 3124 1320 3169 Natu.
1364 3122 1481 3167 dubia
1507 3153 1523 3178 ,
1572 3139 1647 3168 non
1671 3122 1745 3166 baec
1776 3123 1928 3182 collegii
1959 3122 2077 3171 nostri
2108 3122 2156 3167 ab
2207 3122 2377 3176 Aetio,

312 3189 392 3237 tali
415 3186 600 3237 Historia
631 3189 824 3252 appellat.
887 3189 1084 3234 Schottus.
1149 3183 1322 3233 Medic.
1356 3184 1431 3243 [ἑά
1449 3185 1521 3230 mo
1554 3186 1735 3233 Platonis
1753 3184 1802 3230 do
1837 3186 2048 3240 ommis.
2110 3186 2170 3231 Et
2191 3180 2338 3230 statim
2355 3215 2374 3240 ,

259 3277 262 3281 Δ
310 3250 436 3300 Cod.
467 3268 535 3299 11.
579 3249 707 3300 habet
733 3255 932 3300 undecim.
983 3246 1128 3298 Ernst.
1193 3250 1317 3295 Vnde·
1367 3253 1450 3293 Nos
1475 3260 1609 3293 tamen
1651 3250 1722 3294 hoc
1747 3244 2026 3305 confirmamus
2063 3247 2134 3293 illo
2168 3249 2369 3307 augurio,

309 3320 390 3361 cim
411 3316 544 3364 etiam
578 3315 625 3363 in
662 3311 751 3364 Ms.
803 3315 853 3362 ὅ(
908 3310 1133 3360 uibusdam
1175 3310 1319 3359 Editis
1360 3325 1437 3372 qno
1456 3312 1665 3364 diximm3
1694 3326 1758 3355 nec
1780 3325 1845 3354 nos
1862 3307 2006 3365 fallit,
2031 3326 2100 3353 nec
2119 3310 2238 3355 aliter
2262 3311 2375 3353 acco·-

309 3376 397 3424 fuit
422 3395 434 3422 ε
496 3376 622 3440 quod
644 3379 826 3426 miratur
850 3381 899 3425 Sc
931 3388 1055 3423 ottus
1077 3408 1091 3429 ,
1123 3388 1226 3422 cum
1252 3373 1313 3422 le·
1360 3375 1438 3419 det.
1470 3376 1637 3421 corruat
1655 3371 1724 3431 uste
1746 3369 1879 3427 neceffi
1900 3370 1967 3430 est.
2027 3369 2159 3418 Idem
2186 3368 2372 3432 epistola

307 3436 455 3486 decim
480 3439 614 3488 hodie
645 3438 1014 3489 circumferantur.
1076 3438 1219 3485 Facile
1237 3452 1314 3486 ve·
1359 3431 1409 3481 ad
1452 3435 1669 3484 Licinium
1715 3431 1906 3479 Calvum
1949 3431 2063 3495 apud
2110 3434 2319 3481 Nonium
2350 3446 2368 3479 ε

304 3514 359 3548 ro
384 3499 478 3547 fieti
498 3503 644 3563 potuit
671 3537 686 3560 ,
722 3518 773 3553 ut
804 3507 985 3556 Vldecim
1004 3512 1244 3550 mutaretur
1270 3500 1316 3547 in
1358 3500 1558 3559 Praesenti}
1581 3501 1740 3544 animus
1754 3527 1770 3551 ,
1812 3507 1934 3558 atque
1966 3509 2139 3558 augum
2162 3498 2370 3560 quodam·

306 3565 502 3615 Vndecim.
535 3564 703 3614 Bofius.
1355 3566 1471 3608 modo
1489 3593 1504 3617 ,
1555 3575 1641 3623 qua
1677 3558 1832 3621 futura
1854 3558 1908 3618 fit
1941 3559 2148 3620 suavitas.
2207 3558 2374 3607 Schot-

314 3658 319 3663 -
362 3640 392 3681 ³
424 3629 585 3675 Futura
604 3632 803 3692 praedixit.
834 3635 855 3688 J
916 3630 1052 3677 Pauca
1071 3625 1129 3676 de
1159 3625 1314 3677 multis
1353 3636 1439 3676 tus.
2267 3697 2291 3732 ι
2325 3684 2385 3735 ε.
